Date,Store_ID,City,Region,Drink_Category,Units_Sold,Revenue,Customer_Count,Latitude,Longitude
2020-01,S001,New York,East,Coffee,243,1192.87,86,40.7128,-74.006
2020-01,S001,New York,East,Tea,127,789.83,111,40.7128,-74.006
2020-01,S001,New York,East,Frappuccino,197,1246.92,155,40.7128,-74.006
2020-01,S001,New York,East,Refreshers,139,764.07,136,40.7128,-74.006
2020-01,S001,New York,East,Bakery,100,549.51,93,40.7128,-74.006
2020-01,S001,New York,East,Seasonal,252,1099.23,137,40.7128,-74.006
2020-01,S002,Los Angeles,West,Coffee,160,661.45,178,34.0522,-118.2437
2020-01,S002,Los Angeles,West,Tea,111,502.66,178,34.0522,-118.2437
2020-01,S002,Los Angeles,West,Frappuccino,166,634.08,106,34.0522,-118.2437
2020-01,S002,Los Angeles,West,Refreshers,117,557.71,165,34.0522,-118.2437
2020-01,S002,Los Angeles,West,Bakery,84,401.6,148,34.0522,-118.2437
2020-01,S002,Los Angeles,West,Seasonal,242,1215.86,150,34.0522,-118.2437
2020-01,S003,Chicago,Midwest,Coffee,208,690.95,84,41.8781,-87.6298
2020-01,S003,Chicago,Midwest,Tea,118,507.32,129,41.8781,-87.6298
2020-01,S003,Chicago,Midwest,Frappuccino,183,589.99,189,41.8781,-87.6298
2020-01,S003,Chicago,Midwest,Refreshers,143,615.32,152,41.8781,-87.6298
2020-01,S003,Chicago,Midwest,Bakery,85,364.99,149,41.8781,-87.6298
2020-01,S003,Chicago,Midwest,Seasonal,245,1409.45,104,41.8781,-87.6298
2020-01,S004,Houston,South,Coffee,108,386.56,108,29.7604,-95.3698
2020-01,S004,Houston,South,Tea,59,181.0,131,29.7604,-95.3698
2020-01,S004,Houston,South,Frappuccino,112,526.32,135,29.7604,-95.3698
2020-01,S004,Houston,South,Refreshers,63,348.5,138,29.7604,-95.3698
2020-01,S004,Houston,South,Bakery,45,169.18,159,29.7604,-95.3698
2020-01,S004,Houston,South,Seasonal,138,865.87,147,29.7604,-95.3698
2020-01,S005,Phoenix,West,Coffee,140,691.7,117,33.4484,-112.074
2020-01,S005,Phoenix,West,Tea,81,445.39,132,33.4484,-112.074
2020-01,S005,Phoenix,West,Frappuccino,131,464.03,166,33.4484,-112.074
2020-01,S005,Phoenix,West,Refreshers,86,258.12,152,33.4484,-112.074
2020-01,S005,Phoenix,West,Bakery,55,293.54,130,33.4484,-112.074
2020-01,S005,Phoenix,West,Seasonal,166,765.05,177,33.4484,-112.074
2020-01,S006,Philadelphia,East,Coffee,126,586.27,122,39.9526,-75.1652
2020-01,S006,Philadelphia,East,Tea,52,245.02,81,39.9526,-75.1652
2020-01,S006,Philadelphia,East,Frappuccino,90,404.18,84,39.9526,-75.1652
2020-01,S006,Philadelphia,East,Refreshers,55,292.9,178,39.9526,-75.1652
2020-01,S006,Philadelphia,East,Bakery,52,320.77,93,39.9526,-75.1652
2020-01,S006,Philadelphia,East,Seasonal,102,621.96,103,39.9526,-75.1652
2020-01,S007,San Antonio,South,Coffee,154,829.23,108,29.4241,-98.4936
2020-01,S007,San Antonio,South,Tea,91,440.14,155,29.4241,-98.4936
2020-01,S007,San Antonio,South,Frappuccino,125,567.14,158,29.4241,-98.4936
2020-01,S007,San Antonio,South,Refreshers,103,602.56,83,29.4241,-98.4936
2020-01,S007,San Antonio,South,Bakery,64,394.91,127,29.4241,-98.4936
2020-01,S007,San Antonio,South,Seasonal,185,1083.3,165,29.4241,-98.4936
2020-01,S008,San Diego,West,Coffee,114,351.24,191,32.7157,-117.1611
2020-01,S008,San Diego,West,Tea,52,212.65,151,32.7157,-117.1611
2020-01,S008,San Diego,West,Frappuccino,103,418.23,174,32.7157,-117.1611
2020-01,S008,San Diego,West,Refreshers,88,269.04,90,32.7157,-117.1611
2020-01,S008,San Diego,West,Bakery,38,198.83,192,32.7157,-117.1611
2020-01,S008,San Diego,West,Seasonal,131,494.05,190,32.7157,-117.1611
2020-01,S009,Dallas,South,Coffee,126,607.47,125,32.7767,-96.797
2020-01,S009,Dallas,South,Tea,70,253.57,147,32.7767,-96.797
2020-01,S009,Dallas,South,Frappuccino,103,432.09,106,32.7767,-96.797
2020-01,S009,Dallas,South,Refreshers,74,394.45,165,32.7767,-96.797
2020-01,S009,Dallas,South,Bakery,73,443.21,173,32.7767,-96.797
2020-01,S009,Dallas,South,Seasonal,141,806.82,156,32.7767,-96.797
2020-01,S010,San Jose,West,Coffee,155,780.47,159,37.3382,-121.8863
2020-01,S010,San Jose,West,Tea,78,400.34,144,37.3382,-121.8863
2020-01,S010,San Jose,West,Frappuccino,138,585.99,101,37.3382,-121.8863
2020-01,S010,San Jose,West,Refreshers,104,551.86,176,37.3382,-121.8863
2020-01,S010,San Jose,West,Bakery,65,195.37,173,37.3382,-121.8863
2020-01,S010,San Jose,West,Seasonal,147,826.54,169,37.3382,-121.8863
2020-02,S001,New York,East,Coffee,224,697.3,87,40.7128,-74.006
2020-02,S001,New York,East,Tea,113,451.8,156,40.7128,-74.006
2020-02,S001,New York,East,Frappuccino,178,675.66,181,40.7128,-74.006
2020-02,S001,New York,East,Refreshers,137,876.61,174,40.7128,-74.006
2020-02,S001,New York,East,Bakery,80,384.23,167,40.7128,-74.006
2020-02,S001,New York,East,Seasonal,264,1424.62,190,40.7128,-74.006
2020-02,S002,Los Angeles,West,Coffee,167,678.04,144,34.0522,-118.2437
2020-02,S002,Los Angeles,West,Tea,96,561.5,152,34.0522,-118.2437
2020-02,S002,Los Angeles,West,Frappuccino,149,596.8,150,34.0522,-118.2437
2020-02,S002,Los Angeles,West,Refreshers,103,479.9,136,34.0522,-118.2437
2020-02,S002,Los Angeles,West,Bakery,72,316.82,94,34.0522,-118.2437
2020-02,S002,Los Angeles,West,Seasonal,229,1488.1,175,34.0522,-118.2437
2020-02,S003,Chicago,Midwest,Coffee,194,763.39,153,41.8781,-87.6298
2020-02,S003,Chicago,Midwest,Tea,91,504.43,130,41.8781,-87.6298
2020-02,S003,Chicago,Midwest,Frappuccino,139,872.03,127,41.8781,-87.6298
2020-02,S003,Chicago,Midwest,Refreshers,121,766.98,89,41.8781,-87.6298
2020-02,S003,Chicago,Midwest,Bakery,87,433.58,122,41.8781,-87.6298
2020-02,S003,Chicago,Midwest,Seasonal,246,835.13,175,41.8781,-87.6298
2020-02,S004,Houston,South,Coffee,100,445.23,150,29.7604,-95.3698
2020-02,S004,Houston,South,Tea,63,264.37,120,29.7604,-95.3698
2020-02,S004,Houston,South,Frappuccino,87,328.16,161,29.7604,-95.3698
2020-02,S004,Houston,South,Refreshers,63,256.87,129,29.7604,-95.3698
2020-02,S004,Houston,South,Bakery,58,244.78,170,29.7604,-95.3698
2020-02,S004,Houston,South,Seasonal,139,495.54,123,29.7604,-95.3698
2020-02,S005,Phoenix,West,Coffee,140,458.29,113,33.4484,-112.074
2020-02,S005,Phoenix,West,Tea,70,409.23,96,33.4484,-112.074
2020-02,S005,Phoenix,West,Frappuccino,101,350.12,131,33.4484,-112.074
2020-02,S005,Phoenix,West,Refreshers,83,274.34,116,33.4484,-112.074
2020-02,S005,Phoenix,West,Bakery,47,174.1,186,33.4484,-112.074
2020-02,S005,Phoenix,West,Seasonal,136,787.05,130,33.4484,-112.074
2020-02,S006,Philadelphia,East,Coffee,107,461.2,82,39.9526,-75.1652
2020-02,S006,Philadelphia,East,Tea,58,190.15,80,39.9526,-75.1652
2020-02,S006,Philadelphia,East,Frappuccino,105,356.21,118,39.9526,-75.1652
2020-02,S006,Philadelphia,East,Refreshers,66,377.05,147,39.9526,-75.1652
2020-02,S006,Philadelphia,East,Bakery,54,256.04,85,39.9526,-75.1652
2020-02,S006,Philadelphia,East,Seasonal,129,680.84,125,39.9526,-75.1652
2020-02,S007,San Antonio,South,Coffee,138,636.55,189,29.4241,-98.4936
2020-02,S007,San Antonio,South,Tea,77,291.7,91,29.4241,-98.4936
2020-02,S007,San Antonio,South,Frappuccino,129,492.32,155,29.4241,-98.4936
2020-02,S007,San Antonio,South,Refreshers,103,547.58,196,29.4241,-98.4936
2020-02,S007,San Antonio,South,Bakery,63,389.75,125,29.4241,-98.4936
2020-02,S007,San Antonio,South,Seasonal,172,723.97,164,29.4241,-98.4936
2020-02,S008,San Diego,West,Coffee,124,424.23,133,32.7157,-117.1611
2020-02,S008,San Diego,West,Tea,61,361.68,136,32.7157,-117.1611
2020-02,S008,San Diego,West,Frappuccino,108,452.23,96,32.7157,-117.1611
2020-02,S008,San Diego,West,Refreshers,73,248.3,171,32.7157,-117.1611
2020-02,S008,San Diego,West,Bakery,54,326.0,97,32.7157,-117.1611
2020-02,S008,San Diego,West,Seasonal,133,812.22,158,32.7157,-117.1611
2020-02,S009,Dallas,South,Coffee,127,543.59,193,32.7767,-96.797
2020-02,S009,Dallas,South,Tea,61,191.37,152,32.7767,-96.797
2020-02,S009,Dallas,South,Frappuccino,104,430.2,131,32.7767,-96.797
2020-02,S009,Dallas,South,Refreshers,79,254.65,158,32.7767,-96.797
2020-02,S009,Dallas,South,Bakery,59,331.1,141,32.7767,-96.797
2020-02,S009,Dallas,South,Seasonal,162,1008.58,122,32.7767,-96.797
2020-02,S010,San Jose,West,Coffee,137,774.3,135,37.3382,-121.8863
2020-02,S010,San Jose,West,Tea,74,349.46,100,37.3382,-121.8863
2020-02,S010,San Jose,West,Frappuccino,118,611.9,120,37.3382,-121.8863
2020-02,S010,San Jose,West,Refreshers,101,353.01,95,37.3382,-121.8863
2020-02,S010,San Jose,West,Bakery,55,321.52,154,37.3382,-121.8863
2020-02,S010,San Jose,West,Seasonal,139,839.46,155,37.3382,-121.8863
2020-03,S001,New York,East,Coffee,203,708.2,138,40.7128,-74.006
2020-03,S001,New York,East,Tea,103,326.16,170,40.7128,-74.006
2020-03,S001,New York,East,Frappuccino,176,632.17,142,40.7128,-74.006
2020-03,S001,New York,East,Refreshers,158,707.65,161,40.7128,-74.006
2020-03,S001,New York,East,Bakery,92,390.91,169,40.7128,-74.006
2020-03,S001,New York,East,Seasonal,238,1322.43,150,40.7128,-74.006
2020-03,S002,Los Angeles,West,Coffee,197,927.5,175,34.0522,-118.2437
2020-03,S002,Los Angeles,West,Tea,104,386.09,110,34.0522,-118.2437
2020-03,S002,Los Angeles,West,Frappuccino,156,511.35,193,34.0522,-118.2437
2020-03,S002,Los Angeles,West,Refreshers,121,712.62,149,34.0522,-118.2437
2020-03,S002,Los Angeles,West,Bakery,91,329.7,84,34.0522,-118.2437
2020-03,S002,Los Angeles,West,Seasonal,217,1029.21,135,34.0522,-118.2437
2020-03,S003,Chicago,Midwest,Coffee,177,609.56,103,41.8781,-87.6298
2020-03,S003,Chicago,Midwest,Tea,106,432.19,157,41.8781,-87.6298
2020-03,S003,Chicago,Midwest,Frappuccino,172,632.38,156,41.8781,-87.6298
2020-03,S003,Chicago,Midwest,Refreshers,116,466.22,183,41.8781,-87.6298
2020-03,S003,Chicago,Midwest,Bakery,73,289.3,114,41.8781,-87.6298
2020-03,S003,Chicago,Midwest,Seasonal,221,677.74,109,41.8781,-87.6298
2020-03,S004,Houston,South,Coffee,120,767.32,148,29.7604,-95.3698
2020-03,S004,Houston,South,Tea,67,408.58,184,29.7604,-95.3698
2020-03,S004,Houston,South,Frappuccino,93,502.66,191,29.7604,-95.3698
2020-03,S004,Houston,South,Refreshers,59,273.01,128,29.7604,-95.3698
2020-03,S004,Houston,South,Bakery,49,197.22,85,29.7604,-95.3698
2020-03,S004,Houston,South,Seasonal,134,571.63,130,29.7604,-95.3698
2020-03,S005,Phoenix,West,Coffee,141,652.0,95,33.4484,-112.074
2020-03,S005,Phoenix,West,Tea,87,362.12,131,33.4484,-112.074
2020-03,S005,Phoenix,West,Frappuccino,114,559.17,114,33.4484,-112.074
2020-03,S005,Phoenix,West,Refreshers,93,450.63,160,33.4484,-112.074
2020-03,S005,Phoenix,West,Bakery,67,273.91,170,33.4484,-112.074
2020-03,S005,Phoenix,West,Seasonal,161,876.35,88,33.4484,-112.074
2020-03,S006,Philadelphia,East,Coffee,117,555.7,184,39.9526,-75.1652
2020-03,S006,Philadelphia,East,Tea,46,236.28,170,39.9526,-75.1652
2020-03,S006,Philadelphia,East,Frappuccino,82,337.66,155,39.9526,-75.1652
2020-03,S006,Philadelphia,East,Refreshers,56,335.94,174,39.9526,-75.1652
2020-03,S006,Philadelphia,East,Bakery,42,145.14,151,39.9526,-75.1652
2020-03,S006,Philadelphia,East,Seasonal,136,539.36,108,39.9526,-75.1652
2020-03,S007,San Antonio,South,Coffee,152,740.92,92,29.4241,-98.4936
2020-03,S007,San Antonio,South,Tea,90,562.72,80,29.4241,-98.4936
2020-03,S007,San Antonio,South,Frappuccino,123,621.78,164,29.4241,-98.4936
2020-03,S007,San Antonio,South,Refreshers,93,343.72,128,29.4241,-98.4936
2020-03,S007,San Antonio,South,Bakery,62,375.73,125,29.4241,-98.4936
2020-03,S007,San Antonio,South,Seasonal,162,571.07,96,29.4241,-98.4936
2020-03,S008,San Diego,West,Coffee,107,382.71,80,32.7157,-117.1611
2020-03,S008,San Diego,West,Tea,68,293.98,176,32.7157,-117.1611
2020-03,S008,San Diego,West,Frappuccino,111,571.54,197,32.7157,-117.1611
2020-03,S008,San Diego,West,Refreshers,66,289.85,126,32.7157,-117.1611
2020-03,S008,San Diego,West,Bakery,59,212.95,170,32.7157,-117.1611
2020-03,S008,San Diego,West,Seasonal,135,413.72,198,32.7157,-117.1611
2020-03,S009,Dallas,South,Coffee,139,581.96,171,32.7767,-96.797
2020-03,S009,Dallas,South,Tea,83,369.03,192,32.7767,-96.797
2020-03,S009,Dallas,South,Frappuccino,116,494.61,179,32.7767,-96.797
2020-03,S009,Dallas,South,Refreshers,86,519.37,167,32.7767,-96.797
2020-03,S009,Dallas,South,Bakery,48,168.19,121,32.7767,-96.797
2020-03,S009,Dallas,South,Seasonal,134,631.84,84,32.7767,-96.797
2020-03,S010,San Jose,West,Coffee,144,579.1,118,37.3382,-121.8863
2020-03,S010,San Jose,West,Tea,70,306.83,179,37.3382,-121.8863
2020-03,S010,San Jose,West,Frappuccino,135,592.43,181,37.3382,-121.8863
2020-03,S010,San Jose,West,Refreshers,79,275.39,99,37.3382,-121.8863
2020-03,S010,San Jose,West,Bakery,64,318.04,143,37.3382,-121.8863
2020-03,S010,San Jose,West,Seasonal,164,649.09,129,37.3382,-121.8863
2020-04,S001,New York,East,Coffee,202,1100.69,179,40.7128,-74.006
2020-04,S001,New York,East,Tea,137,474.23,96,40.7128,-74.006
2020-04,S001,New York,East,Frappuccino,196,935.94,101,40.7128,-74.006
2020-04,S001,New York,East,Refreshers,129,691.56,154,40.7128,-74.006
2020-04,S001,New York,East,Bakery,74,353.41,186,40.7128,-74.006
2020-04,S001,New York,East,Seasonal,240,1491.33,160,40.7128,-74.006
2020-04,S002,Los Angeles,West,Coffee,181,889.13,146,34.0522,-118.2437
2020-04,S002,Los Angeles,West,Tea,102,633.03,139,34.0522,-118.2437
2020-04,S002,Los Angeles,West,Frappuccino,170,746.51,127,34.0522,-118.2437
2020-04,S002,Los Angeles,West,Refreshers,121,464.37,156,34.0522,-118.2437
2020-04,S002,Los Angeles,West,Bakery,80,279.79,163,34.0522,-118.2437
2020-04,S002,Los Angeles,West,Seasonal,223,918.56,84,34.0522,-118.2437
2020-04,S003,Chicago,Midwest,Coffee,180,1127.72,188,41.8781,-87.6298
2020-04,S003,Chicago,Midwest,Tea,90,297.54,182,41.8781,-87.6298
2020-04,S003,Chicago,Midwest,Frappuccino,122,561.93,168,41.8781,-87.6298
2020-04,S003,Chicago,Midwest,Refreshers,112,546.16,188,41.8781,-87.6298
2020-04,S003,Chicago,Midwest,Bakery,95,594.05,126,41.8781,-87.6298
2020-04,S003,Chicago,Midwest,Seasonal,217,1222.91,188,41.8781,-87.6298
2020-04,S004,Houston,South,Coffee,112,398.98,118,29.7604,-95.3698
2020-04,S004,Houston,South,Tea,60,255.44,174,29.7604,-95.3698
2020-04,S004,Houston,South,Frappuccino,104,619.89,87,29.7604,-95.3698
2020-04,S004,Houston,South,Refreshers,71,424.79,159,29.7604,-95.3698
2020-04,S004,Houston,South,Bakery,55,326.27,167,29.7604,-95.3698
2020-04,S004,Houston,South,Seasonal,126,582.28,108,29.7604,-95.3698
2020-04,S005,Phoenix,West,Coffee,131,424.94,103,33.4484,-112.074
2020-04,S005,Phoenix,West,Tea,88,288.6,102,33.4484,-112.074
2020-04,S005,Phoenix,West,Frappuccino,104,616.75,187,33.4484,-112.074
2020-04,S005,Phoenix,West,Refreshers,77,477.98,124,33.4484,-112.074
2020-04,S005,Phoenix,West,Bakery,63,370.49,125,33.4484,-112.074
2020-04,S005,Phoenix,West,Seasonal,170,1042.83,127,33.4484,-112.074
2020-04,S006,Philadelphia,East,Coffee,107,588.65,106,39.9526,-75.1652
2020-04,S006,Philadelphia,East,Tea,62,315.16,171,39.9526,-75.1652
2020-04,S006,Philadelphia,East,Frappuccino,92,415.77,80,39.9526,-75.1652
2020-04,S006,Philadelphia,East,Refreshers,73,242.59,133,39.9526,-75.1652
2020-04,S006,Philadelphia,East,Bakery,39,140.83,148,39.9526,-75.1652
2020-04,S006,Philadelphia,East,Seasonal,125,426.49,185,39.9526,-75.1652
2020-04,S007,San Antonio,South,Coffee,133,534.39,89,29.4241,-98.4936
2020-04,S007,San Antonio,South,Tea,95,296.4,147,29.4241,-98.4936
2020-04,S007,San Antonio,South,Frappuccino,119,589.29,174,29.4241,-98.4936
2020-04,S007,San Antonio,South,Refreshers,101,650.27,87,29.4241,-98.4936
2020-04,S007,San Antonio,South,Bakery,69,237.38,142,29.4241,-98.4936
2020-04,S007,San Antonio,South,Seasonal,166,591.18,128,29.4241,-98.4936
2020-04,S008,San Diego,West,Coffee,112,707.65,163,32.7157,-117.1611
2020-04,S008,San Diego,West,Tea,63,359.11,187,32.7157,-117.1611
2020-04,S008,San Diego,West,Frappuccino,101,571.71,101,32.7157,-117.1611
2020-04,S008,San Diego,West,Refreshers,72,391.37,99,32.7157,-117.1611
2020-04,S008,San Diego,West,Bakery,40,166.36,114,32.7157,-117.1611
2020-04,S008,San Diego,West,Seasonal,148,641.07,159,32.7157,-117.1611
2020-04,S009,Dallas,South,Coffee,137,766.08,171,32.7767,-96.797
2020-04,S009,Dallas,South,Tea,80,375.97,179,32.7767,-96.797
2020-04,S009,Dallas,South,Frappuccino,111,593.06,117,32.7767,-96.797
2020-04,S009,Dallas,South,Refreshers,90,515.27,195,32.7767,-96.797
2020-04,S009,Dallas,South,Bakery,54,320.33,141,32.7767,-96.797
2020-04,S009,Dallas,South,Seasonal,138,479.41,83,32.7767,-96.797
2020-04,S010,San Jose,West,Coffee,132,722.31,86,37.3382,-121.8863
2020-04,S010,San Jose,West,Tea,81,298.26,137,37.3382,-121.8863
2020-04,S010,San Jose,West,Frappuccino,112,719.72,181,37.3382,-121.8863
2020-04,S010,San Jose,West,Refreshers,99,304.55,132,37.3382,-121.8863
2020-04,S010,San Jose,West,Bakery,62,322.62,179,37.3382,-121.8863
2020-04,S010,San Jose,West,Seasonal,175,541.82,117,37.3382,-121.8863
2020-05,S001,New York,East,Coffee,204,1245.09,108,40.7128,-74.006
2020-05,S001,New York,East,Tea,120,705.12,166,40.7128,-74.006
2020-05,S001,New York,East,Frappuccino,184,945.26,105,40.7128,-74.006
2020-05,S001,New York,East,Refreshers,123,601.11,134,40.7128,-74.006
2020-05,S001,New York,East,Bakery,89,446.69,124,40.7128,-74.006
2020-05,S001,New York,East,Seasonal,228,1347.32,119,40.7128,-74.006
2020-05,S002,Los Angeles,West,Coffee,179,812.86,157,34.0522,-118.2437
2020-05,S002,Los Angeles,West,Tea,127,631.39,131,34.0522,-118.2437
2020-05,S002,Los Angeles,West,Frappuccino,173,801.5,130,34.0522,-118.2437
2020-05,S002,Los Angeles,West,Refreshers,88,303.57,143,34.0522,-118.2437
2020-05,S002,Los Angeles,West,Bakery,85,286.34,187,34.0522,-118.2437
2020-05,S002,Los Angeles,West,Seasonal,238,1083.27,116,34.0522,-118.2437
2020-05,S003,Chicago,Midwest,Coffee,185,776.11,184,41.8781,-87.6298
2020-05,S003,Chicago,Midwest,Tea,98,411.05,139,41.8781,-87.6298
2020-05,S003,Chicago,Midwest,Frappuccino,152,875.73,140,41.8781,-87.6298
2020-05,S003,Chicago,Midwest,Refreshers,118,446.9,147,41.8781,-87.6298
2020-05,S003,Chicago,Midwest,Bakery,82,419.9,141,41.8781,-87.6298
2020-05,S003,Chicago,Midwest,Seasonal,210,922.62,111,41.8781,-87.6298
2020-05,S004,Houston,South,Coffee,114,677.33,196,29.7604,-95.3698
2020-05,S004,Houston,South,Tea,70,445.91,153,29.7604,-95.3698
2020-05,S004,Houston,South,Frappuccino,91,426.61,99,29.7604,-95.3698
2020-05,S004,Houston,South,Refreshers,57,362.04,100,29.7604,-95.3698
2020-05,S004,Houston,South,Bakery,40,129.56,162,29.7604,-95.3698
2020-05,S004,Houston,South,Seasonal,106,552.79,121,29.7604,-95.3698
2020-05,S005,Phoenix,West,Coffee,143,464.88,93,33.4484,-112.074
2020-05,S005,Phoenix,West,Tea,66,367.84,145,33.4484,-112.074
2020-05,S005,Phoenix,West,Frappuccino,107,606.95,144,33.4484,-112.074
2020-05,S005,Phoenix,West,Refreshers,78,453.85,163,33.4484,-112.074
2020-05,S005,Phoenix,West,Bakery,75,249.12,106,33.4484,-112.074
2020-05,S005,Phoenix,West,Seasonal,149,943.03,85,33.4484,-112.074
2020-05,S006,Philadelphia,East,Coffee,119,679.73,90,39.9526,-75.1652
2020-05,S006,Philadelphia,East,Tea,69,245.91,194,39.9526,-75.1652
2020-05,S006,Philadelphia,East,Frappuccino,104,367.58,122,39.9526,-75.1652
2020-05,S006,Philadelphia,East,Refreshers,80,416.61,187,39.9526,-75.1652
2020-05,S006,Philadelphia,East,Bakery,41,228.3,164,39.9526,-75.1652
2020-05,S006,Philadelphia,East,Seasonal,103,575.9,125,39.9526,-75.1652
2020-05,S007,San Antonio,South,Coffee,157,585.13,161,29.4241,-98.4936
2020-05,S007,San Antonio,South,Tea,78,245.63,191,29.4241,-98.4936
2020-05,S007,San Antonio,South,Frappuccino,139,843.83,144,29.4241,-98.4936
2020-05,S007,San Antonio,South,Refreshers,94,538.45,144,29.4241,-98.4936
2020-05,S007,San Antonio,South,Bakery,63,323.0,97,29.4241,-98.4936
2020-05,S007,San Antonio,South,Seasonal,183,740.07,121,29.4241,-98.4936
2020-05,S008,San Diego,West,Coffee,129,475.61,125,32.7157,-117.1611
2020-05,S008,San Diego,West,Tea,76,415.97,102,32.7157,-117.1611
2020-05,S008,San Diego,West,Frappuccino,107,340.7,129,32.7157,-117.1611
2020-05,S008,San Diego,West,Refreshers,73,309.29,151,32.7157,-117.1611
2020-05,S008,San Diego,West,Bakery,53,159.14,116,32.7157,-117.1611
2020-05,S008,San Diego,West,Seasonal,131,839.09,174,32.7157,-117.1611
2020-05,S009,Dallas,South,Coffee,118,576.41,184,32.7767,-96.797
2020-05,S009,Dallas,South,Tea,83,479.11,132,32.7767,-96.797
2020-05,S009,Dallas,South,Frappuccino,93,342.94,176,32.7767,-96.797
2020-05,S009,Dallas,South,Refreshers,79,364.91,108,32.7767,-96.797
2020-05,S009,Dallas,South,Bakery,56,328.41,195,32.7767,-96.797
2020-05,S009,Dallas,South,Seasonal,153,925.17,181,32.7767,-96.797
2020-05,S010,San Jose,West,Coffee,154,866.92,141,37.3382,-121.8863
2020-05,S010,San Jose,West,Tea,85,547.79,116,37.3382,-121.8863
2020-05,S010,San Jose,West,Frappuccino,138,669.85,184,37.3382,-121.8863
2020-05,S010,San Jose,West,Refreshers,94,495.23,107,37.3382,-121.8863
2020-05,S010,San Jose,West,Bakery,57,224.03,191,37.3382,-121.8863
2020-05,S010,San Jose,West,Seasonal,171,957.72,154,37.3382,-121.8863
2020-06,S001,New York,East,Coffee,213,1280.93,148,40.7128,-74.006
2020-06,S001,New York,East,Tea,117,613.64,97,40.7128,-74.006
2020-06,S001,New York,East,Frappuccino,160,989.09,187,40.7128,-74.006
2020-06,S001,New York,East,Refreshers,125,434.64,142,40.7128,-74.006
2020-06,S001,New York,East,Bakery,78,419.31,88,40.7128,-74.006
2020-06,S001,New York,East,Seasonal,245,1049.04,80,40.7128,-74.006
2020-06,S002,Los Angeles,West,Coffee,202,848.77,103,34.0522,-118.2437
2020-06,S002,Los Angeles,West,Tea,106,559.16,152,34.0522,-118.2437
2020-06,S002,Los Angeles,West,Frappuccino,195,792.72,104,34.0522,-118.2437
2020-06,S002,Los Angeles,West,Refreshers,121,753.8,176,34.0522,-118.2437
2020-06,S002,Los Angeles,West,Bakery,77,347.59,185,34.0522,-118.2437
2020-06,S002,Los Angeles,West,Seasonal,232,976.49,130,34.0522,-118.2437
2020-06,S003,Chicago,Midwest,Coffee,184,988.56,130,41.8781,-87.6298
2020-06,S003,Chicago,Midwest,Tea,106,324.95,96,41.8781,-87.6298
2020-06,S003,Chicago,Midwest,Frappuccino,136,698.38,164,41.8781,-87.6298
2020-06,S003,Chicago,Midwest,Refreshers,114,452.23,86,41.8781,-87.6298
2020-06,S003,Chicago,Midwest,Bakery,75,369.79,130,41.8781,-87.6298
2020-06,S003,Chicago,Midwest,Seasonal,204,965.1,137,41.8781,-87.6298
2020-06,S004,Houston,South,Coffee,111,484.19,107,29.7604,-95.3698
2020-06,S004,Houston,South,Tea,58,272.85,188,29.7604,-95.3698
2020-06,S004,Houston,South,Frappuccino,92,441.11,160,29.7604,-95.3698
2020-06,S004,Houston,South,Refreshers,70,427.2,184,29.7604,-95.3698
2020-06,S004,Houston,South,Bakery,49,196.88,85,29.7604,-95.3698
2020-06,S004,Houston,South,Seasonal,118,717.31,188,29.7604,-95.3698
2020-06,S005,Phoenix,West,Coffee,122,633.08,117,33.4484,-112.074
2020-06,S005,Phoenix,West,Tea,71,281.24,124,33.4484,-112.074
2020-06,S005,Phoenix,West,Frappuccino,93,310.8,149,33.4484,-112.074
2020-06,S005,Phoenix,West,Refreshers,83,396.04,164,33.4484,-112.074
2020-06,S005,Phoenix,West,Bakery,64,352.9,199,33.4484,-112.074
2020-06,S005,Phoenix,West,Seasonal,150,931.34,115,33.4484,-112.074
2020-06,S006,Philadelphia,East,Coffee,107,511.52,157,39.9526,-75.1652
2020-06,S006,Philadelphia,East,Tea,68,206.0,189,39.9526,-75.1652
2020-06,S006,Philadelphia,East,Frappuccino,87,551.32,106,39.9526,-75.1652
2020-06,S006,Philadelphia,East,Refreshers,60,229.63,190,39.9526,-75.1652
2020-06,S006,Philadelphia,East,Bakery,48,292.47,148,39.9526,-75.1652
2020-06,S006,Philadelphia,East,Seasonal,116,624.07,140,39.9526,-75.1652
2020-06,S007,San Antonio,South,Coffee,157,692.86,117,29.4241,-98.4936
2020-06,S007,San Antonio,South,Tea,97,470.46,139,29.4241,-98.4936
2020-06,S007,San Antonio,South,Frappuccino,130,647.24,110,29.4241,-98.4936
2020-06,S007,San Antonio,South,Refreshers,85,339.98,135,29.4241,-98.4936
2020-06,S007,San Antonio,South,Bakery,67,371.95,81,29.4241,-98.4936
2020-06,S007,San Antonio,South,Seasonal,182,850.66,178,29.4241,-98.4936
2020-06,S008,San Diego,West,Coffee,122,393.94,183,32.7157,-117.1611
2020-06,S008,San Diego,West,Tea,75,354.9,141,32.7157,-117.1611
2020-06,S008,San Diego,West,Frappuccino,106,652.26,157,32.7157,-117.1611
2020-06,S008,San Diego,West,Refreshers,72,338.05,126,32.7157,-117.1611
2020-06,S008,San Diego,West,Bakery,46,248.6,180,32.7157,-117.1611
2020-06,S008,San Diego,West,Seasonal,142,889.56,106,32.7157,-117.1611
2020-06,S009,Dallas,South,Coffee,133,745.2,113,32.7767,-96.797
2020-06,S009,Dallas,South,Tea,72,344.33,137,32.7767,-96.797
2020-06,S009,Dallas,South,Frappuccino,111,392.48,105,32.7767,-96.797
2020-06,S009,Dallas,South,Refreshers,83,285.44,82,32.7767,-96.797
2020-06,S009,Dallas,South,Bakery,48,185.98,138,32.7767,-96.797
2020-06,S009,Dallas,South,Seasonal,150,872.13,95,32.7767,-96.797
2020-06,S010,San Jose,West,Coffee,156,587.41,101,37.3382,-121.8863
2020-06,S010,San Jose,West,Tea,83,393.81,170,37.3382,-121.8863
2020-06,S010,San Jose,West,Frappuccino,138,616.54,133,37.3382,-121.8863
2020-06,S010,San Jose,West,Refreshers,91,351.44,141,37.3382,-121.8863
2020-06,S010,San Jose,West,Bakery,52,175.48,112,37.3382,-121.8863
2020-06,S010,San Jose,West,Seasonal,159,786.05,128,37.3382,-121.8863
2020-07,S001,New York,East,Coffee,187,968.1,188,40.7128,-74.006
2020-07,S001,New York,East,Tea,122,543.95,88,40.7128,-74.006
2020-07,S001,New York,East,Frappuccino,164,815.71,97,40.7128,-74.006
2020-07,S001,New York,East,Refreshers,129,500.81,99,40.7128,-74.006
2020-07,S001,New York,East,Bakery,90,491.47,93,40.7128,-74.006
2020-07,S001,New York,East,Seasonal,242,1131.59,172,40.7128,-74.006
2020-07,S002,Los Angeles,West,Coffee,196,863.98,158,34.0522,-118.2437
2020-07,S002,Los Angeles,West,Tea,120,663.62,192,34.0522,-118.2437
2020-07,S002,Los Angeles,West,Frappuccino,147,679.16,166,34.0522,-118.2437
2020-07,S002,Los Angeles,West,Refreshers,126,773.0,156,34.0522,-118.2437
2020-07,S002,Los Angeles,West,Bakery,84,254.47,101,34.0522,-118.2437
2020-07,S002,Los Angeles,West,Seasonal,213,781.38,179,34.0522,-118.2437
2020-07,S003,Chicago,Midwest,Coffee,173,524.63,98,41.8781,-87.6298
2020-07,S003,Chicago,Midwest,Tea,86,446.42,93,41.8781,-87.6298
2020-07,S003,Chicago,Midwest,Frappuccino,155,964.41,190,41.8781,-87.6298
2020-07,S003,Chicago,Midwest,Refreshers,97,551.35,93,41.8781,-87.6298
2020-07,S003,Chicago,Midwest,Bakery,82,376.52,153,41.8781,-87.6298
2020-07,S003,Chicago,Midwest,Seasonal,187,1138.31,90,41.8781,-87.6298
2020-07,S004,Houston,South,Coffee,109,457.57,188,29.7604,-95.3698
2020-07,S004,Houston,South,Tea,67,204.65,191,29.7604,-95.3698
2020-07,S004,Houston,South,Frappuccino,107,419.43,128,29.7604,-95.3698
2020-07,S004,Houston,South,Refreshers,70,232.5,168,29.7604,-95.3698
2020-07,S004,Houston,South,Bakery,47,144.59,169,29.7604,-95.3698
2020-07,S004,Houston,South,Seasonal,127,793.6,105,29.7604,-95.3698
2020-07,S005,Phoenix,West,Coffee,127,429.31,191,33.4484,-112.074
2020-07,S005,Phoenix,West,Tea,73,333.31,135,33.4484,-112.074
2020-07,S005,Phoenix,West,Frappuccino,134,459.78,96,33.4484,-112.074
2020-07,S005,Phoenix,West,Refreshers,87,472.08,125,33.4484,-112.074
2020-07,S005,Phoenix,West,Bakery,65,235.86,152,33.4484,-112.074
2020-07,S005,Phoenix,West,Seasonal,130,726.9,166,33.4484,-112.074
2020-07,S006,Philadelphia,East,Coffee,105,470.63,81,39.9526,-75.1652
2020-07,S006,Philadelphia,East,Tea,57,299.93,89,39.9526,-75.1652
2020-07,S006,Philadelphia,East,Frappuccino,100,325.58,163,39.9526,-75.1652
2020-07,S006,Philadelphia,East,Refreshers,70,360.86,114,39.9526,-75.1652
2020-07,S006,Philadelphia,East,Bakery,44,173.6,175,39.9526,-75.1652
2020-07,S006,Philadelphia,East,Seasonal,128,755.71,179,39.9526,-75.1652
2020-07,S007,San Antonio,South,Coffee,172,1005.0,105,29.4241,-98.4936
2020-07,S007,San Antonio,South,Tea,89,318.65,161,29.4241,-98.4936
2020-07,S007,San Antonio,South,Frappuccino,131,449.3,113,29.4241,-98.4936
2020-07,S007,San Antonio,South,Refreshers,92,331.74,123,29.4241,-98.4936
2020-07,S007,San Antonio,South,Bakery,65,286.81,117,29.4241,-98.4936
2020-07,S007,San Antonio,South,Seasonal,181,1021.0,101,29.4241,-98.4936
2020-07,S008,San Diego,West,Coffee,107,691.5,105,32.7157,-117.1611
2020-07,S008,San Diego,West,Tea,69,322.47,109,32.7157,-117.1611
2020-07,S008,San Diego,West,Frappuccino,107,500.19,145,32.7157,-117.1611
2020-07,S008,San Diego,West,Refreshers,81,458.47,111,32.7157,-117.1611
2020-07,S008,San Diego,West,Bakery,48,302.21,96,32.7157,-117.1611
2020-07,S008,San Diego,West,Seasonal,127,674.35,129,32.7157,-117.1611
2020-07,S009,Dallas,South,Coffee,120,478.48,132,32.7767,-96.797
2020-07,S009,Dallas,South,Tea,67,247.35,119,32.7767,-96.797
2020-07,S009,Dallas,South,Frappuccino,117,431.87,93,32.7767,-96.797
2020-07,S009,Dallas,South,Refreshers,79,506.15,82,32.7767,-96.797
2020-07,S009,Dallas,South,Bakery,57,229.74,89,32.7767,-96.797
2020-07,S009,Dallas,South,Seasonal,155,869.42,128,32.7767,-96.797
2020-07,S010,San Jose,West,Coffee,154,854.85,126,37.3382,-121.8863
2020-07,S010,San Jose,West,Tea,78,349.26,192,37.3382,-121.8863
2020-07,S010,San Jose,West,Frappuccino,106,510.32,176,37.3382,-121.8863
2020-07,S010,San Jose,West,Refreshers,84,429.13,137,37.3382,-121.8863
2020-07,S010,San Jose,West,Bakery,57,329.76,179,37.3382,-121.8863
2020-07,S010,San Jose,West,Seasonal,173,970.49,147,37.3382,-121.8863
2020-08,S001,New York,East,Coffee,214,1130.34,198,40.7128,-74.006
2020-08,S001,New York,East,Tea,103,501.32,116,40.7128,-74.006
2020-08,S001,New York,East,Frappuccino,192,1175.21,139,40.7128,-74.006
2020-08,S001,New York,East,Refreshers,155,570.42,90,40.7128,-74.006
2020-08,S001,New York,East,Bakery,84,341.04,174,40.7128,-74.006
2020-08,S001,New York,East,Seasonal,219,1242.6,164,40.7128,-74.006
2020-08,S002,Los Angeles,West,Coffee,193,985.38,167,34.0522,-118.2437
2020-08,S002,Los Angeles,West,Tea,102,354.1,112,34.0522,-118.2437
2020-08,S002,Los Angeles,West,Frappuccino,153,686.51,107,34.0522,-118.2437
2020-08,S002,Los Angeles,West,Refreshers,122,670.65,151,34.0522,-118.2437
2020-08,S002,Los Angeles,West,Bakery,85,437.56,148,34.0522,-118.2437
2020-08,S002,Los Angeles,West,Seasonal,234,1489.79,142,34.0522,-118.2437
2020-08,S003,Chicago,Midwest,Coffee,166,713.61,149,41.8781,-87.6298
2020-08,S003,Chicago,Midwest,Tea,99,451.86,158,41.8781,-87.6298
2020-08,S003,Chicago,Midwest,Frappuccino,154,477.67,163,41.8781,-87.6298
2020-08,S003,Chicago,Midwest,Refreshers,104,550.97,132,41.8781,-87.6298
2020-08,S003,Chicago,Midwest,Bakery,83,423.45,103,41.8781,-87.6298
2020-08,S003,Chicago,Midwest,Seasonal,201,652.71,153,41.8781,-87.6298
2020-08,S004,Houston,South,Coffee,128,763.03,185,29.7604,-95.3698
2020-08,S004,Houston,South,Tea,76,365.37,189,29.7604,-95.3698
2020-08,S004,Houston,South,Frappuccino,103,496.78,141,29.7604,-95.3698
2020-08,S004,Houston,South,Refreshers,67,410.63,123,29.7604,-95.3698
2020-08,S004,Houston,South,Bakery,48,239.0,113,29.7604,-95.3698
2020-08,S004,Houston,South,Seasonal,127,823.0,134,29.7604,-95.3698
2020-08,S005,Phoenix,West,Coffee,143,594.84,107,33.4484,-112.074
2020-08,S005,Phoenix,West,Tea,75,358.37,122,33.4484,-112.074
2020-08,S005,Phoenix,West,Frappuccino,129,537.66,100,33.4484,-112.074
2020-08,S005,Phoenix,West,Refreshers,84,445.81,128,33.4484,-112.074
2020-08,S005,Phoenix,West,Bakery,60,321.33,165,33.4484,-112.074
2020-08,S005,Phoenix,West,Seasonal,146,510.62,121,33.4484,-112.074
2020-08,S006,Philadelphia,East,Coffee,105,518.69,82,39.9526,-75.1652
2020-08,S006,Philadelphia,East,Tea,53,251.0,116,39.9526,-75.1652
2020-08,S006,Philadelphia,East,Frappuccino,92,509.4,147,39.9526,-75.1652
2020-08,S006,Philadelphia,East,Refreshers,64,221.16,132,39.9526,-75.1652
2020-08,S006,Philadelphia,East,Bakery,44,284.2,130,39.9526,-75.1652
2020-08,S006,Philadelphia,East,Seasonal,131,739.52,149,39.9526,-75.1652
2020-08,S007,San Antonio,South,Coffee,155,551.05,113,29.4241,-98.4936
2020-08,S007,San Antonio,South,Tea,91,421.46,189,29.4241,-98.4936
2020-08,S007,San Antonio,South,Frappuccino,128,747.36,184,29.4241,-98.4936
2020-08,S007,San Antonio,South,Refreshers,71,425.2,112,29.4241,-98.4936
2020-08,S007,San Antonio,South,Bakery,69,262.5,117,29.4241,-98.4936
2020-08,S007,San Antonio,South,Seasonal,168,902.23,144,29.4241,-98.4936
2020-08,S008,San Diego,West,Coffee,108,665.03,153,32.7157,-117.1611
2020-08,S008,San Diego,West,Tea,72,267.61,135,32.7157,-117.1611
2020-08,S008,San Diego,West,Frappuccino,91,366.89,178,32.7157,-117.1611
2020-08,S008,San Diego,West,Refreshers,73,232.42,91,32.7157,-117.1611
2020-08,S008,San Diego,West,Bakery,51,226.7,123,32.7157,-117.1611
2020-08,S008,San Diego,West,Seasonal,142,841.51,194,32.7157,-117.1611
2020-08,S009,Dallas,South,Coffee,119,725.85,198,32.7767,-96.797
2020-08,S009,Dallas,South,Tea,66,296.24,165,32.7767,-96.797
2020-08,S009,Dallas,South,Frappuccino,110,440.63,96,32.7767,-96.797
2020-08,S009,Dallas,South,Refreshers,72,413.96,166,32.7767,-96.797
2020-08,S009,Dallas,South,Bakery,49,193.59,152,32.7767,-96.797
2020-08,S009,Dallas,South,Seasonal,145,821.09,95,32.7767,-96.797
2020-08,S010,San Jose,West,Coffee,136,409.21,146,37.3382,-121.8863
2020-08,S010,San Jose,West,Tea,84,535.86,161,37.3382,-121.8863
2020-08,S010,San Jose,West,Frappuccino,115,519.84,81,37.3382,-121.8863
2020-08,S010,San Jose,West,Refreshers,80,335.12,114,37.3382,-121.8863
2020-08,S010,San Jose,West,Bakery,52,303.29,197,37.3382,-121.8863
2020-08,S010,San Jose,West,Seasonal,150,471.26,160,37.3382,-121.8863
2020-09,S001,New York,East,Coffee,201,1174.68,130,40.7128,-74.006
2020-09,S001,New York,East,Tea,135,541.62,176,40.7128,-74.006
2020-09,S001,New York,East,Frappuccino,180,981.43,184,40.7128,-74.006
2020-09,S001,New York,East,Refreshers,143,531.17,154,40.7128,-74.006
2020-09,S001,New York,East,Bakery,86,299.14,131,40.7128,-74.006
2020-09,S001,New York,East,Seasonal,242,754.62,198,40.7128,-74.006
2020-09,S002,Los Angeles,West,Coffee,203,1085.4,96,34.0522,-118.2437
2020-09,S002,Los Angeles,West,Tea,119,391.33,198,34.0522,-118.2437
2020-09,S002,Los Angeles,West,Frappuccino,177,786.48,88,34.0522,-118.2437
2020-09,S002,Los Angeles,West,Refreshers,126,557.35,144,34.0522,-118.2437
2020-09,S002,Los Angeles,West,Bakery,79,401.33,143,34.0522,-118.2437
2020-09,S002,Los Angeles,West,Seasonal,205,1043.12,182,34.0522,-118.2437
2020-09,S003,Chicago,Midwest,Coffee,205,1234.88,176,41.8781,-87.6298
2020-09,S003,Chicago,Midwest,Tea,114,528.14,171,41.8781,-87.6298
2020-09,S003,Chicago,Midwest,Frappuccino,149,452.19,148,41.8781,-87.6298
2020-09,S003,Chicago,Midwest,Refreshers,120,654.54,189,41.8781,-87.6298
2020-09,S003,Chicago,Midwest,Bakery,64,205.18,96,41.8781,-87.6298
2020-09,S003,Chicago,Midwest,Seasonal,190,776.44,113,41.8781,-87.6298
2020-09,S004,Houston,South,Coffee,110,576.7,111,29.7604,-95.3698
2020-09,S004,Houston,South,Tea,57,281.51,168,29.7604,-95.3698
2020-09,S004,Houston,South,Frappuccino,93,418.91,112,29.7604,-95.3698
2020-09,S004,Houston,South,Refreshers,75,329.72,144,29.7604,-95.3698
2020-09,S004,Houston,South,Bakery,48,212.48,155,29.7604,-95.3698
2020-09,S004,Houston,South,Seasonal,129,803.41,127,29.7604,-95.3698
2020-09,S005,Phoenix,West,Coffee,122,525.9,183,33.4484,-112.074
2020-09,S005,Phoenix,West,Tea,66,213.63,89,33.4484,-112.074
2020-09,S005,Phoenix,West,Frappuccino,123,570.69,137,33.4484,-112.074
2020-09,S005,Phoenix,West,Refreshers,90,475.23,163,33.4484,-112.074
2020-09,S005,Phoenix,West,Bakery,60,269.32,179,33.4484,-112.074
2020-09,S005,Phoenix,West,Seasonal,152,911.31,118,33.4484,-112.074
2020-09,S006,Philadelphia,East,Coffee,106,663.54,143,39.9526,-75.1652
2020-09,S006,Philadelphia,East,Tea,62,393.28,181,39.9526,-75.1652
2020-09,S006,Philadelphia,East,Frappuccino,97,537.07,87,39.9526,-75.1652
2020-09,S006,Philadelphia,East,Refreshers,63,341.4,199,39.9526,-75.1652
2020-09,S006,Philadelphia,East,Bakery,50,313.85,138,39.9526,-75.1652
2020-09,S006,Philadelphia,East,Seasonal,115,631.75,85,39.9526,-75.1652
2020-09,S007,San Antonio,South,Coffee,131,580.26,149,29.4241,-98.4936
2020-09,S007,San Antonio,South,Tea,79,295.9,136,29.4241,-98.4936
2020-09,S007,San Antonio,South,Frappuccino,133,428.77,84,29.4241,-98.4936
2020-09,S007,San Antonio,South,Refreshers,100,366.93,94,29.4241,-98.4936
2020-09,S007,San Antonio,South,Bakery,63,317.67,187,29.4241,-98.4936
2020-09,S007,San Antonio,South,Seasonal,176,1000.81,178,29.4241,-98.4936
2020-09,S008,San Diego,West,Coffee,132,510.57,123,32.7157,-117.1611
2020-09,S008,San Diego,West,Tea,74,401.69,158,32.7157,-117.1611
2020-09,S008,San Diego,West,Frappuccino,80,513.52,199,32.7157,-117.1611
2020-09,S008,San Diego,West,Refreshers,79,289.84,104,32.7157,-117.1611
2020-09,S008,San Diego,West,Bakery,46,274.96,158,32.7157,-117.1611
2020-09,S008,San Diego,West,Seasonal,122,714.95,105,32.7157,-117.1611
2020-09,S009,Dallas,South,Coffee,135,629.75,117,32.7767,-96.797
2020-09,S009,Dallas,South,Tea,72,308.12,162,32.7767,-96.797
2020-09,S009,Dallas,South,Frappuccino,118,712.32,132,32.7767,-96.797
2020-09,S009,Dallas,South,Refreshers,67,233.2,177,32.7767,-96.797
2020-09,S009,Dallas,South,Bakery,56,334.72,155,32.7767,-96.797
2020-09,S009,Dallas,South,Seasonal,144,782.0,179,32.7767,-96.797
2020-09,S010,San Jose,West,Coffee,138,661.68,149,37.3382,-121.8863
2020-09,S010,San Jose,West,Tea,84,359.08,188,37.3382,-121.8863
2020-09,S010,San Jose,West,Frappuccino,113,691.88,122,37.3382,-121.8863
2020-09,S010,San Jose,West,Refreshers,86,539.4,138,37.3382,-121.8863
2020-09,S010,San Jose,West,Bakery,52,185.91,192,37.3382,-121.8863
2020-09,S010,San Jose,West,Seasonal,152,974.36,99,37.3382,-121.8863
2020-10,S001,New York,East,Coffee,228,907.22,151,40.7128,-74.006
2020-10,S001,New York,East,Tea,119,584.12,173,40.7128,-74.006
2020-10,S001,New York,East,Frappuccino,185,837.69,170,40.7128,-74.006
2020-10,S001,New York,East,Refreshers,129,524.36,93,40.7128,-74.006
2020-10,S001,New York,East,Bakery,100,595.16,124,40.7128,-74.006
2020-10,S001,New York,East,Seasonal,230,775.17,158,40.7128,-74.006
2020-10,S002,Los Angeles,West,Coffee,210,642.42,177,34.0522,-118.2437
2020-10,S002,Los Angeles,West,Tea,116,575.89,162,34.0522,-118.2437
2020-10,S002,Los Angeles,West,Frappuccino,150,730.13,113,34.0522,-118.2437
2020-10,S002,Los Angeles,West,Refreshers,130,643.58,180,34.0522,-118.2437
2020-10,S002,Los Angeles,West,Bakery,75,356.92,80,34.0522,-118.2437
2020-10,S002,Los Angeles,West,Seasonal,219,1038.73,123,34.0522,-118.2437
2020-10,S003,Chicago,Midwest,Coffee,171,545.56,82,41.8781,-87.6298
2020-10,S003,Chicago,Midwest,Tea,98,321.41,115,41.8781,-87.6298
2020-10,S003,Chicago,Midwest,Frappuccino,149,691.51,178,41.8781,-87.6298
2020-10,S003,Chicago,Midwest,Refreshers,119,418.17,195,41.8781,-87.6298
2020-10,S003,Chicago,Midwest,Bakery,77,449.4,88,41.8781,-87.6298
2020-10,S003,Chicago,Midwest,Seasonal,205,1213.73,186,41.8781,-87.6298
2020-10,S004,Houston,South,Coffee,104,477.85,162,29.7604,-95.3698
2020-10,S004,Houston,South,Tea,77,472.17,113,29.7604,-95.3698
2020-10,S004,Houston,South,Frappuccino,86,386.44,154,29.7604,-95.3698
2020-10,S004,Houston,South,Refreshers,80,457.29,167,29.7604,-95.3698
2020-10,S004,Houston,South,Bakery,34,122.15,84,29.7604,-95.3698
2020-10,S004,Houston,South,Seasonal,124,528.44,190,29.7604,-95.3698
2020-10,S005,Phoenix,West,Coffee,135,657.95,111,33.4484,-112.074
2020-10,S005,Phoenix,West,Tea,70,376.07,195,33.4484,-112.074
2020-10,S005,Phoenix,West,Frappuccino,124,507.36,94,33.4484,-112.074
2020-10,S005,Phoenix,West,Refreshers,75,349.89,162,33.4484,-112.074
2020-10,S005,Phoenix,West,Bakery,69,343.62,154,33.4484,-112.074
2020-10,S005,Phoenix,West,Seasonal,172,566.3,153,33.4484,-112.074
2020-10,S006,Philadelphia,East,Coffee,107,581.49,151,39.9526,-75.1652
2020-10,S006,Philadelphia,East,Tea,55,354.37,127,39.9526,-75.1652
2020-10,S006,Philadelphia,East,Frappuccino,105,348.76,142,39.9526,-75.1652
2020-10,S006,Philadelphia,East,Refreshers,66,211.91,152,39.9526,-75.1652
2020-10,S006,Philadelphia,East,Bakery,47,291.28,174,39.9526,-75.1652
2020-10,S006,Philadelphia,East,Seasonal,114,602.58,149,39.9526,-75.1652
2020-10,S007,San Antonio,South,Coffee,167,762.44,104,29.4241,-98.4936
2020-10,S007,San Antonio,South,Tea,71,428.49,116,29.4241,-98.4936
2020-10,S007,San Antonio,South,Frappuccino,136,678.35,157,29.4241,-98.4936
2020-10,S007,San Antonio,South,Refreshers,96,514.62,88,29.4241,-98.4936
2020-10,S007,San Antonio,South,Bakery,83,506.55,130,29.4241,-98.4936
2020-10,S007,San Antonio,South,Seasonal,163,892.19,89,29.4241,-98.4936
2020-10,S008,San Diego,West,Coffee,122,514.38,162,32.7157,-117.1611
2020-10,S008,San Diego,West,Tea,62,347.61,157,32.7157,-117.1611
2020-10,S008,San Diego,West,Frappuccino,94,412.17,94,32.7157,-117.1611
2020-10,S008,San Diego,West,Refreshers,85,485.75,154,32.7157,-117.1611
2020-10,S008,San Diego,West,Bakery,42,269.12,80,32.7157,-117.1611
2020-10,S008,San Diego,West,Seasonal,135,518.6,109,32.7157,-117.1611
2020-10,S009,Dallas,South,Coffee,115,549.37,92,32.7767,-96.797
2020-10,S009,Dallas,South,Tea,71,423.05,113,32.7767,-96.797
2020-10,S009,Dallas,South,Frappuccino,107,511.45,143,32.7767,-96.797
2020-10,S009,Dallas,South,Refreshers,74,224.49,110,32.7767,-96.797
2020-10,S009,Dallas,South,Bakery,52,257.1,130,32.7767,-96.797
2020-10,S009,Dallas,South,Seasonal,122,784.52,186,32.7767,-96.797
2020-10,S010,San Jose,West,Coffee,131,793.67,89,37.3382,-121.8863
2020-10,S010,San Jose,West,Tea,82,309.93,147,37.3382,-121.8863
2020-10,S010,San Jose,West,Frappuccino,130,432.51,189,37.3382,-121.8863
2020-10,S010,San Jose,West,Refreshers,88,516.67,199,37.3382,-121.8863
2020-10,S010,San Jose,West,Bakery,66,339.02,179,37.3382,-121.8863
2020-10,S010,San Jose,West,Seasonal,159,646.98,161,37.3382,-121.8863
2020-11,S001,New York,East,Coffee,210,1051.32,93,40.7128,-74.006
2020-11,S001,New York,East,Tea,112,564.31,190,40.7128,-74.006
2020-11,S001,New York,East,Frappuccino,169,555.06,107,40.7128,-74.006
2020-11,S001,New York,East,Refreshers,124,801.71,191,40.7128,-74.006
2020-11,S001,New York,East,Bakery,95,381.0,84,40.7128,-74.006
2020-11,S001,New York,East,Seasonal,222,802.4,115,40.7128,-74.006
2020-11,S002,Los Angeles,West,Coffee,188,588.23,191,34.0522,-118.2437
2020-11,S002,Los Angeles,West,Tea,116,592.43,87,34.0522,-118.2437
2020-11,S002,Los Angeles,West,Frappuccino,171,985.65,175,34.0522,-118.2437
2020-11,S002,Los Angeles,West,Refreshers,136,548.72,96,34.0522,-118.2437
2020-11,S002,Los Angeles,West,Bakery,82,373.88,114,34.0522,-118.2437
2020-11,S002,Los Angeles,West,Seasonal,239,1432.58,141,34.0522,-118.2437
2020-11,S003,Chicago,Midwest,Coffee,145,667.77,151,41.8781,-87.6298
2020-11,S003,Chicago,Midwest,Tea,98,328.85,99,41.8781,-87.6298
2020-11,S003,Chicago,Midwest,Frappuccino,178,1062.45,103,41.8781,-87.6298
2020-11,S003,Chicago,Midwest,Refreshers,123,377.15,80,41.8781,-87.6298
2020-11,S003,Chicago,Midwest,Bakery,77,252.17,149,41.8781,-87.6298
2020-11,S003,Chicago,Midwest,Seasonal,197,608.09,150,41.8781,-87.6298
2020-11,S004,Houston,South,Coffee,94,295.05,158,29.7604,-95.3698
2020-11,S004,Houston,South,Tea,67,405.03,143,29.7604,-95.3698
2020-11,S004,Houston,South,Frappuccino,107,525.84,186,29.7604,-95.3698
2020-11,S004,Houston,South,Refreshers,80,510.34,95,29.7604,-95.3698
2020-11,S004,Houston,South,Bakery,41,138.3,109,29.7604,-95.3698
2020-11,S004,Houston,South,Seasonal,110,421.59,160,29.7604,-95.3698
2020-11,S005,Phoenix,West,Coffee,143,482.92,106,33.4484,-112.074
2020-11,S005,Phoenix,West,Tea,72,406.27,177,33.4484,-112.074
2020-11,S005,Phoenix,West,Frappuccino,102,366.06,193,33.4484,-112.074
2020-11,S005,Phoenix,West,Refreshers,76,485.56,155,33.4484,-112.074
2020-11,S005,Phoenix,West,Bakery,52,200.71,146,33.4484,-112.074
2020-11,S005,Phoenix,West,Seasonal,144,876.6,198,33.4484,-112.074
2020-11,S006,Philadelphia,East,Coffee,105,509.47,88,39.9526,-75.1652
2020-11,S006,Philadelphia,East,Tea,74,471.15,152,39.9526,-75.1652
2020-11,S006,Philadelphia,East,Frappuccino,85,421.67,101,39.9526,-75.1652
2020-11,S006,Philadelphia,East,Refreshers,68,217.56,148,39.9526,-75.1652
2020-11,S006,Philadelphia,East,Bakery,45,179.04,182,39.9526,-75.1652
2020-11,S006,Philadelphia,East,Seasonal,142,753.14,100,39.9526,-75.1652
2020-11,S007,San Antonio,South,Coffee,148,466.65,179,29.4241,-98.4936
2020-11,S007,San Antonio,South,Tea,83,344.44,99,29.4241,-98.4936
2020-11,S007,San Antonio,South,Frappuccino,109,585.84,84,29.4241,-98.4936
2020-11,S007,San Antonio,South,Refreshers,116,352.07,107,29.4241,-98.4936
2020-11,S007,San Antonio,South,Bakery,52,318.02,108,29.4241,-98.4936
2020-11,S007,San Antonio,South,Seasonal,169,838.23,177,29.4241,-98.4936
2020-11,S008,San Diego,West,Coffee,116,687.69,145,32.7157,-117.1611
2020-11,S008,San Diego,West,Tea,76,373.68,172,32.7157,-117.1611
2020-11,S008,San Diego,West,Frappuccino,91,529.39,181,32.7157,-117.1611
2020-11,S008,San Diego,West,Refreshers,67,334.15,101,32.7157,-117.1611
2020-11,S008,San Diego,West,Bakery,51,293.9,91,32.7157,-117.1611
2020-11,S008,San Diego,West,Seasonal,156,758.28,164,32.7157,-117.1611
2020-11,S009,Dallas,South,Coffee,154,939.79,118,32.7767,-96.797
2020-11,S009,Dallas,South,Tea,76,280.4,164,32.7767,-96.797
2020-11,S009,Dallas,South,Frappuccino,117,710.92,169,32.7767,-96.797
2020-11,S009,Dallas,South,Refreshers,85,484.25,178,32.7767,-96.797
2020-11,S009,Dallas,South,Bakery,62,195.38,91,32.7767,-96.797
2020-11,S009,Dallas,South,Seasonal,148,884.88,139,32.7767,-96.797
2020-11,S010,San Jose,West,Coffee,136,428.47,123,37.3382,-121.8863
2020-11,S010,San Jose,West,Tea,72,358.03,164,37.3382,-121.8863
2020-11,S010,San Jose,West,Frappuccino,118,360.43,158,37.3382,-121.8863
2020-11,S010,San Jose,West,Refreshers,85,531.09,94,37.3382,-121.8863
2020-11,S010,San Jose,West,Bakery,54,214.81,180,37.3382,-121.8863
2020-11,S010,San Jose,West,Seasonal,171,959.38,170,37.3382,-121.8863
2020-12,S001,New York,East,Coffee,209,1236.11,193,40.7128,-74.006
2020-12,S001,New York,East,Tea,117,682.0,88,40.7128,-74.006
2020-12,S001,New York,East,Frappuccino,171,1083.12,116,40.7128,-74.006
2020-12,S001,New York,East,Refreshers,140,432.03,173,40.7128,-74.006
2020-12,S001,New York,East,Bakery,84,396.4,94,40.7128,-74.006
2020-12,S001,New York,East,Seasonal,281,1579.09,191,40.7128,-74.006
2020-12,S002,Los Angeles,West,Coffee,197,1170.9,104,34.0522,-118.2437
2020-12,S002,Los Angeles,West,Tea,121,475.92,127,34.0522,-118.2437
2020-12,S002,Los Angeles,West,Frappuccino,163,903.73,100,34.0522,-118.2437
2020-12,S002,Los Angeles,West,Refreshers,142,455.4,97,34.0522,-118.2437
2020-12,S002,Los Angeles,West,Bakery,71,268.18,174,34.0522,-118.2437
2020-12,S002,Los Angeles,West,Seasonal,197,1086.12,193,34.0522,-118.2437
2020-12,S003,Chicago,Midwest,Coffee,172,1087.65,148,41.8781,-87.6298
2020-12,S003,Chicago,Midwest,Tea,114,728.86,197,41.8781,-87.6298
2020-12,S003,Chicago,Midwest,Frappuccino,175,948.7,129,41.8781,-87.6298
2020-12,S003,Chicago,Midwest,Refreshers,122,593.78,198,41.8781,-87.6298
2020-12,S003,Chicago,Midwest,Bakery,92,421.7,153,41.8781,-87.6298
2020-12,S003,Chicago,Midwest,Seasonal,204,1153.13,107,41.8781,-87.6298
2020-12,S004,Houston,South,Coffee,116,598.63,177,29.7604,-95.3698
2020-12,S004,Houston,South,Tea,53,226.5,177,29.7604,-95.3698
2020-12,S004,Houston,South,Frappuccino,99,319.59,199,29.7604,-95.3698
2020-12,S004,Houston,South,Refreshers,59,283.76,104,29.7604,-95.3698
2020-12,S004,Houston,South,Bakery,38,114.61,127,29.7604,-95.3698
2020-12,S004,Houston,South,Seasonal,118,742.33,96,29.7604,-95.3698
2020-12,S005,Phoenix,West,Coffee,115,545.6,81,33.4484,-112.074
2020-12,S005,Phoenix,West,Tea,68,376.0,178,33.4484,-112.074
2020-12,S005,Phoenix,West,Frappuccino,124,467.24,88,33.4484,-112.074
2020-12,S005,Phoenix,West,Refreshers,84,465.34,107,33.4484,-112.074
2020-12,S005,Phoenix,West,Bakery,51,319.84,131,33.4484,-112.074
2020-12,S005,Phoenix,West,Seasonal,143,924.02,148,33.4484,-112.074
2020-12,S006,Philadelphia,East,Coffee,104,489.78,174,39.9526,-75.1652
2020-12,S006,Philadelphia,East,Tea,54,250.99,159,39.9526,-75.1652
2020-12,S006,Philadelphia,East,Frappuccino,104,459.31,149,39.9526,-75.1652
2020-12,S006,Philadelphia,East,Refreshers,77,270.51,166,39.9526,-75.1652
2020-12,S006,Philadelphia,East,Bakery,46,149.8,155,39.9526,-75.1652
2020-12,S006,Philadelphia,East,Seasonal,113,492.1,176,39.9526,-75.1652
2020-12,S007,San Antonio,South,Coffee,168,1047.2,189,29.4241,-98.4936
2020-12,S007,San Antonio,South,Tea,106,328.27,169,29.4241,-98.4936
2020-12,S007,San Antonio,South,Frappuccino,142,859.04,147,29.4241,-98.4936
2020-12,S007,San Antonio,South,Refreshers,95,453.53,178,29.4241,-98.4936
2020-12,S007,San Antonio,South,Bakery,69,302.91,186,29.4241,-98.4936
2020-12,S007,San Antonio,South,Seasonal,170,575.52,166,29.4241,-98.4936
2020-12,S008,San Diego,West,Coffee,133,403.25,169,32.7157,-117.1611
2020-12,S008,San Diego,West,Tea,80,344.59,146,32.7157,-117.1611
2020-12,S008,San Diego,West,Frappuccino,91,538.1,137,32.7157,-117.1611
2020-12,S008,San Diego,West,Refreshers,77,379.93,172,32.7157,-117.1611
2020-12,S008,San Diego,West,Bakery,52,236.25,189,32.7157,-117.1611
2020-12,S008,San Diego,West,Seasonal,135,779.87,173,32.7157,-117.1611
2020-12,S009,Dallas,South,Coffee,138,425.6,91,32.7767,-96.797
2020-12,S009,Dallas,South,Tea,76,273.17,152,32.7767,-96.797
2020-12,S009,Dallas,South,Frappuccino,100,438.83,156,32.7767,-96.797
2020-12,S009,Dallas,South,Refreshers,96,341.27,107,32.7767,-96.797
2020-12,S009,Dallas,South,Bakery,62,234.51,179,32.7767,-96.797
2020-12,S009,Dallas,South,Seasonal,157,700.3,94,32.7767,-96.797
2020-12,S010,San Jose,West,Coffee,128,501.46,101,37.3382,-121.8863
2020-12,S010,San Jose,West,Tea,86,552.11,132,37.3382,-121.8863
2020-12,S010,San Jose,West,Frappuccino,132,809.03,167,37.3382,-121.8863
2020-12,S010,San Jose,West,Refreshers,97,315.77,198,37.3382,-121.8863
2020-12,S010,San Jose,West,Bakery,56,203.81,105,37.3382,-121.8863
2020-12,S010,San Jose,West,Seasonal,147,625.68,179,37.3382,-121.8863
2021-01,S001,New York,East,Coffee,225,1329.57,148,40.7128,-74.006
2021-01,S001,New York,East,Tea,112,435.09,131,40.7128,-74.006
2021-01,S001,New York,East,Frappuccino,189,642.9,84,40.7128,-74.006
2021-01,S001,New York,East,Refreshers,149,694.97,104,40.7128,-74.006
2021-01,S001,New York,East,Bakery,100,617.94,94,40.7128,-74.006
2021-01,S001,New York,East,Seasonal,272,857.36,139,40.7128,-74.006
2021-01,S002,Los Angeles,West,Coffee,232,1209.07,109,34.0522,-118.2437
2021-01,S002,Los Angeles,West,Tea,104,435.94,98,34.0522,-118.2437
2021-01,S002,Los Angeles,West,Frappuccino,169,1053.45,160,34.0522,-118.2437
2021-01,S002,Los Angeles,West,Refreshers,140,826.44,109,34.0522,-118.2437
2021-01,S002,Los Angeles,West,Bakery,86,365.76,167,34.0522,-118.2437
2021-01,S002,Los Angeles,West,Seasonal,210,964.91,157,34.0522,-118.2437
2021-01,S003,Chicago,Midwest,Coffee,190,688.78,118,41.8781,-87.6298
2021-01,S003,Chicago,Midwest,Tea,110,461.76,91,41.8781,-87.6298
2021-01,S003,Chicago,Midwest,Frappuccino,171,1027.69,143,41.8781,-87.6298
2021-01,S003,Chicago,Midwest,Refreshers,110,445.99,189,41.8781,-87.6298
2021-01,S003,Chicago,Midwest,Bakery,78,453.89,93,41.8781,-87.6298
2021-01,S003,Chicago,Midwest,Seasonal,201,1135.37,162,41.8781,-87.6298
2021-01,S004,Houston,South,Coffee,123,567.83,105,29.7604,-95.3698
2021-01,S004,Houston,South,Tea,64,405.42,119,29.7604,-95.3698
2021-01,S004,Houston,South,Frappuccino,99,602.94,154,29.7604,-95.3698
2021-01,S004,Houston,South,Refreshers,71,222.0,126,29.7604,-95.3698
2021-01,S004,Houston,South,Bakery,45,252.08,160,29.7604,-95.3698
2021-01,S004,Houston,South,Seasonal,125,517.37,158,29.7604,-95.3698
2021-01,S005,Phoenix,West,Coffee,145,905.32,188,33.4484,-112.074
2021-01,S005,Phoenix,West,Tea,70,309.12,115,33.4484,-112.074
2021-01,S005,Phoenix,West,Frappuccino,103,661.03,196,33.4484,-112.074
2021-01,S005,Phoenix,West,Refreshers,96,577.04,174,33.4484,-112.074
2021-01,S005,Phoenix,West,Bakery,67,394.8,171,33.4484,-112.074
2021-01,S005,Phoenix,West,Seasonal,178,660.92,108,33.4484,-112.074
2021-01,S006,Philadelphia,East,Coffee,117,717.8,160,39.9526,-75.1652
2021-01,S006,Philadelphia,East,Tea,78,463.39,166,39.9526,-75.1652
2021-01,S006,Philadelphia,East,Frappuccino,79,497.68,82,39.9526,-75.1652
2021-01,S006,Philadelphia,East,Refreshers,67,431.6,182,39.9526,-75.1652
2021-01,S006,Philadelphia,East,Bakery,49,196.94,83,39.9526,-75.1652
2021-01,S006,Philadelphia,East,Seasonal,122,752.59,83,39.9526,-75.1652
2021-01,S007,San Antonio,South,Coffee,152,875.9,105,29.4241,-98.4936
2021-01,S007,San Antonio,South,Tea,83,340.0,120,29.4241,-98.4936
2021-01,S007,San Antonio,South,Frappuccino,143,469.67,130,29.4241,-98.4936
2021-01,S007,San Antonio,South,Refreshers,113,563.35,109,29.4241,-98.4936
2021-01,S007,San Antonio,South,Bakery,54,227.29,141,29.4241,-98.4936
2021-01,S007,San Antonio,South,Seasonal,180,1072.55,177,29.4241,-98.4936
2021-01,S008,San Diego,West,Coffee,120,495.53,126,32.7157,-117.1611
2021-01,S008,San Diego,West,Tea,69,240.64,162,32.7157,-117.1611
2021-01,S008,San Diego,West,Frappuccino,106,575.42,127,32.7157,-117.1611
2021-01,S008,San Diego,West,Refreshers,82,381.96,176,32.7157,-117.1611
2021-01,S008,San Diego,West,Bakery,59,297.86,125,32.7157,-117.1611
2021-01,S008,San Diego,West,Seasonal,142,459.96,129,32.7157,-117.1611
2021-01,S009,Dallas,South,Coffee,130,507.77,149,32.7767,-96.797
2021-01,S009,Dallas,South,Tea,69,362.24,187,32.7767,-96.797
2021-01,S009,Dallas,South,Frappuccino,119,610.72,113,32.7767,-96.797
2021-01,S009,Dallas,South,Refreshers,97,294.99,114,32.7767,-96.797
2021-01,S009,Dallas,South,Bakery,56,203.91,165,32.7767,-96.797
2021-01,S009,Dallas,South,Seasonal,161,997.76,118,32.7767,-96.797
2021-01,S010,San Jose,West,Coffee,154,469.95,96,37.3382,-121.8863
2021-01,S010,San Jose,West,Tea,78,389.65,179,37.3382,-121.8863
2021-01,S010,San Jose,West,Frappuccino,131,665.01,140,37.3382,-121.8863
2021-01,S010,San Jose,West,Refreshers,91,453.47,190,37.3382,-121.8863
2021-01,S010,San Jose,West,Bakery,53,309.84,168,37.3382,-121.8863
2021-01,S010,San Jose,West,Seasonal,185,1175.4,176,37.3382,-121.8863
2021-02,S001,New York,East,Coffee,218,1299.68,135,40.7128,-74.006
2021-02,S001,New York,East,Tea,108,504.01,107,40.7128,-74.006
2021-02,S001,New York,East,Frappuccino,171,618.79,127,40.7128,-74.006
2021-02,S001,New York,East,Refreshers,137,702.69,182,40.7128,-74.006
2021-02,S001,New York,East,Bakery,102,532.74,160,40.7128,-74.006
2021-02,S001,New York,East,Seasonal,226,1426.93,162,40.7128,-74.006
2021-02,S002,Los Angeles,West,Coffee,196,899.52,140,34.0522,-118.2437
2021-02,S002,Los Angeles,West,Tea,91,310.39,96,34.0522,-118.2437
2021-02,S002,Los Angeles,West,Frappuccino,166,750.09,93,34.0522,-118.2437
2021-02,S002,Los Angeles,West,Refreshers,130,803.64,160,34.0522,-118.2437
2021-02,S002,Los Angeles,West,Bakery,73,315.8,102,34.0522,-118.2437
2021-02,S002,Los Angeles,West,Seasonal,211,1084.25,142,34.0522,-118.2437
2021-02,S003,Chicago,Midwest,Coffee,184,1154.3,188,41.8781,-87.6298
2021-02,S003,Chicago,Midwest,Tea,99,638.24,162,41.8781,-87.6298
2021-02,S003,Chicago,Midwest,Frappuccino,142,640.49,151,41.8781,-87.6298
2021-02,S003,Chicago,Midwest,Refreshers,131,739.02,126,41.8781,-87.6298
2021-02,S003,Chicago,Midwest,Bakery,75,339.14,166,41.8781,-87.6298
2021-02,S003,Chicago,Midwest,Seasonal,248,1494.58,83,41.8781,-87.6298
2021-02,S004,Houston,South,Coffee,108,517.55,179,29.7604,-95.3698
2021-02,S004,Houston,South,Tea,72,406.21,98,29.7604,-95.3698
2021-02,S004,Houston,South,Frappuccino,103,340.85,80,29.7604,-95.3698
2021-02,S004,Houston,South,Refreshers,71,303.47,145,29.7604,-95.3698
2021-02,S004,Houston,South,Bakery,53,159.71,191,29.7604,-95.3698
2021-02,S004,Houston,South,Seasonal,130,600.0,89,29.7604,-95.3698
2021-02,S005,Phoenix,West,Coffee,114,587.06,196,33.4484,-112.074
2021-02,S005,Phoenix,West,Tea,74,406.59,147,33.4484,-112.074
2021-02,S005,Phoenix,West,Frappuccino,103,666.39,138,33.4484,-112.074
2021-02,S005,Phoenix,West,Refreshers,79,339.7,144,33.4484,-112.074
2021-02,S005,Phoenix,West,Bakery,77,422.0,164,33.4484,-112.074
2021-02,S005,Phoenix,West,Seasonal,156,920.32,142,33.4484,-112.074
2021-02,S006,Philadelphia,East,Coffee,109,640.14,122,39.9526,-75.1652
2021-02,S006,Philadelphia,East,Tea,53,267.23,163,39.9526,-75.1652
2021-02,S006,Philadelphia,East,Frappuccino,79,492.61,124,39.9526,-75.1652
2021-02,S006,Philadelphia,East,Refreshers,60,233.81,181,39.9526,-75.1652
2021-02,S006,Philadelphia,East,Bakery,53,306.6,184,39.9526,-75.1652
2021-02,S006,Philadelphia,East,Seasonal,129,626.72,134,39.9526,-75.1652
2021-02,S007,San Antonio,South,Coffee,150,836.8,105,29.4241,-98.4936
2021-02,S007,San Antonio,South,Tea,101,342.24,174,29.4241,-98.4936
2021-02,S007,San Antonio,South,Frappuccino,124,753.42,82,29.4241,-98.4936
2021-02,S007,San Antonio,South,Refreshers,100,639.61,119,29.4241,-98.4936
2021-02,S007,San Antonio,South,Bakery,49,277.14,159,29.4241,-98.4936
2021-02,S007,San Antonio,South,Seasonal,196,817.59,90,29.4241,-98.4936
2021-02,S008,San Diego,West,Coffee,118,449.15,116,32.7157,-117.1611
2021-02,S008,San Diego,West,Tea,65,249.29,151,32.7157,-117.1611
2021-02,S008,San Diego,West,Frappuccino,120,425.12,121,32.7157,-117.1611
2021-02,S008,San Diego,West,Refreshers,66,277.64,95,32.7157,-117.1611
2021-02,S008,San Diego,West,Bakery,45,230.88,193,32.7157,-117.1611
2021-02,S008,San Diego,West,Seasonal,114,437.62,94,32.7157,-117.1611
2021-02,S009,Dallas,South,Coffee,132,676.98,165,32.7767,-96.797
2021-02,S009,Dallas,South,Tea,90,327.02,150,32.7767,-96.797
2021-02,S009,Dallas,South,Frappuccino,98,570.18,124,32.7767,-96.797
2021-02,S009,Dallas,South,Refreshers,92,346.66,135,32.7767,-96.797
2021-02,S009,Dallas,South,Bakery,56,265.6,199,32.7767,-96.797
2021-02,S009,Dallas,South,Seasonal,127,618.84,145,32.7767,-96.797
2021-02,S010,San Jose,West,Coffee,139,733.85,118,37.3382,-121.8863
2021-02,S010,San Jose,West,Tea,74,439.19,82,37.3382,-121.8863
2021-02,S010,San Jose,West,Frappuccino,138,670.1,105,37.3382,-121.8863
2021-02,S010,San Jose,West,Refreshers,78,321.81,119,37.3382,-121.8863
2021-02,S010,San Jose,West,Bakery,53,164.41,134,37.3382,-121.8863
2021-02,S010,San Jose,West,Seasonal,161,506.93,166,37.3382,-121.8863
2021-03,S001,New York,East,Coffee,226,1404.66,156,40.7128,-74.006
2021-03,S001,New York,East,Tea,120,614.44,103,40.7128,-74.006
2021-03,S001,New York,East,Frappuccino,207,1291.98,197,40.7128,-74.006
2021-03,S001,New York,East,Refreshers,154,960.08,162,40.7128,-74.006
2021-03,S001,New York,East,Bakery,102,497.61,185,40.7128,-74.006
2021-03,S001,New York,East,Seasonal,256,1536.82,112,40.7128,-74.006
2021-03,S002,Los Angeles,West,Coffee,202,724.07,133,34.0522,-118.2437
2021-03,S002,Los Angeles,West,Tea,125,521.45,85,34.0522,-118.2437
2021-03,S002,Los Angeles,West,Frappuccino,153,788.5,81,34.0522,-118.2437
2021-03,S002,Los Angeles,West,Refreshers,130,640.29,121,34.0522,-118.2437
2021-03,S002,Los Angeles,West,Bakery,60,375.2,136,34.0522,-118.2437
2021-03,S002,Los Angeles,West,Seasonal,229,1102.23,197,34.0522,-118.2437
2021-03,S003,Chicago,Midwest,Coffee,172,829.92,141,41.8781,-87.6298
2021-03,S003,Chicago,Midwest,Tea,108,447.59,80,41.8781,-87.6298
2021-03,S003,Chicago,Midwest,Frappuccino,172,778.07,146,41.8781,-87.6298
2021-03,S003,Chicago,Midwest,Refreshers,122,646.0,146,41.8781,-87.6298
2021-03,S003,Chicago,Midwest,Bakery,104,487.89,86,41.8781,-87.6298
2021-03,S003,Chicago,Midwest,Seasonal,212,807.63,143,41.8781,-87.6298
2021-03,S004,Houston,South,Coffee,120,567.22,162,29.7604,-95.3698
2021-03,S004,Houston,South,Tea,65,375.77,85,29.7604,-95.3698
2021-03,S004,Houston,South,Frappuccino,89,455.42,152,29.7604,-95.3698
2021-03,S004,Houston,South,Refreshers,78,493.14,88,29.7604,-95.3698
2021-03,S004,Houston,South,Bakery,57,344.07,105,29.7604,-95.3698
2021-03,S004,Houston,South,Seasonal,137,848.07,108,29.7604,-95.3698
2021-03,S005,Phoenix,West,Coffee,130,470.61,100,33.4484,-112.074
2021-03,S005,Phoenix,West,Tea,74,364.86,104,33.4484,-112.074
2021-03,S005,Phoenix,West,Frappuccino,120,504.08,113,33.4484,-112.074
2021-03,S005,Phoenix,West,Refreshers,76,340.28,157,33.4484,-112.074
2021-03,S005,Phoenix,West,Bakery,55,253.82,95,33.4484,-112.074
2021-03,S005,Phoenix,West,Seasonal,143,549.08,151,33.4484,-112.074
2021-03,S006,Philadelphia,East,Coffee,102,388.04,189,39.9526,-75.1652
2021-03,S006,Philadelphia,East,Tea,53,293.25,194,39.9526,-75.1652
2021-03,S006,Philadelphia,East,Frappuccino,81,287.87,139,39.9526,-75.1652
2021-03,S006,Philadelphia,East,Refreshers,58,208.35,142,39.9526,-75.1652
2021-03,S006,Philadelphia,East,Bakery,48,271.17,128,39.9526,-75.1652
2021-03,S006,Philadelphia,East,Seasonal,112,444.07,185,39.9526,-75.1652
2021-03,S007,San Antonio,South,Coffee,150,675.71,156,29.4241,-98.4936
2021-03,S007,San Antonio,South,Tea,92,366.8,186,29.4241,-98.4936
2021-03,S007,San Antonio,South,Frappuccino,156,781.66,110,29.4241,-98.4936
2021-03,S007,San Antonio,South,Refreshers,112,525.51,99,29.4241,-98.4936
2021-03,S007,San Antonio,South,Bakery,57,231.38,123,29.4241,-98.4936
2021-03,S007,San Antonio,South,Seasonal,162,929.7,156,29.4241,-98.4936
2021-03,S008,San Diego,West,Coffee,137,676.03,87,32.7157,-117.1611
2021-03,S008,San Diego,West,Tea,73,467.6,175,32.7157,-117.1611
2021-03,S008,San Diego,West,Frappuccino,112,701.49,198,32.7157,-117.1611
2021-03,S008,San Diego,West,Refreshers,75,481.42,86,32.7157,-117.1611
2021-03,S008,San Diego,West,Bakery,47,246.29,84,32.7157,-117.1611
2021-03,S008,San Diego,West,Seasonal,117,748.91,167,32.7157,-117.1611
2021-03,S009,Dallas,South,Coffee,142,479.67,122,32.7767,-96.797
2021-03,S009,Dallas,South,Tea,77,379.67,95,32.7767,-96.797
2021-03,S009,Dallas,South,Frappuccino,107,540.53,124,32.7767,-96.797
2021-03,S009,Dallas,South,Refreshers,96,604.75,193,32.7767,-96.797
2021-03,S009,Dallas,South,Bakery,54,193.43,141,32.7767,-96.797
2021-03,S009,Dallas,South,Seasonal,158,526.45,172,32.7767,-96.797
2021-03,S010,San Jose,West,Coffee,128,811.61,160,37.3382,-121.8863
2021-03,S010,San Jose,West,Tea,86,480.99,152,37.3382,-121.8863
2021-03,S010,San Jose,West,Frappuccino,128,675.13,197,37.3382,-121.8863
2021-03,S010,San Jose,West,Refreshers,90,282.14,170,37.3382,-121.8863
2021-03,S010,San Jose,West,Bakery,54,263.28,152,37.3382,-121.8863
2021-03,S010,San Jose,West,Seasonal,158,931.11,124,37.3382,-121.8863
2021-04,S001,New York,East,Coffee,218,1360.9,163,40.7128,-74.006
2021-04,S001,New York,East,Tea,119,687.52,112,40.7128,-74.006
2021-04,S001,New York,East,Frappuccino,185,990.05,164,40.7128,-74.006
2021-04,S001,New York,East,Refreshers,136,745.68,86,40.7128,-74.006
2021-04,S001,New York,East,Bakery,84,401.12,116,40.7128,-74.006
2021-04,S001,New York,East,Seasonal,257,1567.35,83,40.7128,-74.006
2021-04,S002,Los Angeles,West,Coffee,209,1237.87,111,34.0522,-118.2437
2021-04,S002,Los Angeles,West,Tea,116,628.72,192,34.0522,-118.2437
2021-04,S002,Los Angeles,West,Frappuccino,158,697.36,196,34.0522,-118.2437
2021-04,S002,Los Angeles,West,Refreshers,123,759.36,121,34.0522,-118.2437
2021-04,S002,Los Angeles,West,Bakery,84,422.31,151,34.0522,-118.2437
2021-04,S002,Los Angeles,West,Seasonal,224,1119.91,123,34.0522,-118.2437
2021-04,S003,Chicago,Midwest,Coffee,179,1091.99,89,41.8781,-87.6298
2021-04,S003,Chicago,Midwest,Tea,100,520.15,106,41.8781,-87.6298
2021-04,S003,Chicago,Midwest,Frappuccino,175,769.93,89,41.8781,-87.6298
2021-04,S003,Chicago,Midwest,Refreshers,96,371.82,134,41.8781,-87.6298
2021-04,S003,Chicago,Midwest,Bakery,72,423.26,130,41.8781,-87.6298
2021-04,S003,Chicago,Midwest,Seasonal,212,1211.8,176,41.8781,-87.6298
2021-04,S004,Houston,South,Coffee,110,586.02,146,29.7604,-95.3698
2021-04,S004,Houston,South,Tea,75,441.6,176,29.7604,-95.3698
2021-04,S004,Houston,South,Frappuccino,100,554.98,133,29.7604,-95.3698
2021-04,S004,Houston,South,Refreshers,70,353.7,115,29.7604,-95.3698
2021-04,S004,Houston,South,Bakery,49,195.18,166,29.7604,-95.3698
2021-04,S004,Houston,South,Seasonal,140,569.06,94,29.7604,-95.3698
2021-04,S005,Phoenix,West,Coffee,137,784.96,174,33.4484,-112.074
2021-04,S005,Phoenix,West,Tea,70,369.31,135,33.4484,-112.074
2021-04,S005,Phoenix,West,Frappuccino,113,591.87,188,33.4484,-112.074
2021-04,S005,Phoenix,West,Refreshers,93,464.32,196,33.4484,-112.074
2021-04,S005,Phoenix,West,Bakery,52,197.74,125,33.4484,-112.074
2021-04,S005,Phoenix,West,Seasonal,148,535.44,84,33.4484,-112.074
2021-04,S006,Philadelphia,East,Coffee,114,569.74,91,39.9526,-75.1652
2021-04,S006,Philadelphia,East,Tea,52,335.52,113,39.9526,-75.1652
2021-04,S006,Philadelphia,East,Frappuccino,89,500.93,191,39.9526,-75.1652
2021-04,S006,Philadelphia,East,Refreshers,81,305.78,142,39.9526,-75.1652
2021-04,S006,Philadelphia,East,Bakery,32,128.95,112,39.9526,-75.1652
2021-04,S006,Philadelphia,East,Seasonal,131,755.71,95,39.9526,-75.1652
2021-04,S007,San Antonio,South,Coffee,136,675.51,143,29.4241,-98.4936
2021-04,S007,San Antonio,South,Tea,87,460.88,131,29.4241,-98.4936
2021-04,S007,San Antonio,South,Frappuccino,148,824.52,86,29.4241,-98.4936
2021-04,S007,San Antonio,South,Refreshers,83,449.32,145,29.4241,-98.4936
2021-04,S007,San Antonio,South,Bakery,85,441.77,177,29.4241,-98.4936
2021-04,S007,San Antonio,South,Seasonal,158,774.38,132,29.4241,-98.4936
2021-04,S008,San Diego,West,Coffee,121,759.24,102,32.7157,-117.1611
2021-04,S008,San Diego,West,Tea,68,416.61,186,32.7157,-117.1611
2021-04,S008,San Diego,West,Frappuccino,88,414.02,97,32.7157,-117.1611
2021-04,S008,San Diego,West,Refreshers,61,290.43,111,32.7157,-117.1611
2021-04,S008,San Diego,West,Bakery,51,324.48,153,32.7157,-117.1611
2021-04,S008,San Diego,West,Seasonal,132,786.72,176,32.7157,-117.1611
2021-04,S009,Dallas,South,Coffee,131,423.8,111,32.7767,-96.797
2021-04,S009,Dallas,South,Tea,79,403.98,138,32.7767,-96.797
2021-04,S009,Dallas,South,Frappuccino,101,331.96,138,32.7767,-96.797
2021-04,S009,Dallas,South,Refreshers,77,234.64,191,32.7767,-96.797
2021-04,S009,Dallas,South,Bakery,70,321.1,137,32.7767,-96.797
2021-04,S009,Dallas,South,Seasonal,151,793.99,165,32.7767,-96.797
2021-04,S010,San Jose,West,Coffee,116,446.62,180,37.3382,-121.8863
2021-04,S010,San Jose,West,Tea,95,518.0,105,37.3382,-121.8863
2021-04,S010,San Jose,West,Frappuccino,107,370.43,127,37.3382,-121.8863
2021-04,S010,San Jose,West,Refreshers,92,476.69,181,37.3382,-121.8863
2021-04,S010,San Jose,West,Bakery,67,312.46,92,37.3382,-121.8863
2021-04,S010,San Jose,West,Seasonal,160,616.04,82,37.3382,-121.8863
2021-05,S001,New York,East,Coffee,187,671.82,163,40.7128,-74.006
2021-05,S001,New York,East,Tea,120,672.1,116,40.7128,-74.006
2021-05,S001,New York,East,Frappuccino,178,1145.8,108,40.7128,-74.006
2021-05,S001,New York,East,Refreshers,144,845.86,92,40.7128,-74.006
2021-05,S001,New York,East,Bakery,94,513.77,170,40.7128,-74.006
2021-05,S001,New York,East,Seasonal,228,798.41,113,40.7128,-74.006
2021-05,S002,Los Angeles,West,Coffee,194,777.65,125,34.0522,-118.2437
2021-05,S002,Los Angeles,West,Tea,111,428.5,131,34.0522,-118.2437
2021-05,S002,Los Angeles,West,Frappuccino,167,760.83,126,34.0522,-118.2437
2021-05,S002,Los Angeles,West,Refreshers,121,732.54,168,34.0522,-118.2437
2021-05,S002,Los Angeles,West,Bakery,69,377.73,102,34.0522,-118.2437
2021-05,S002,Los Angeles,West,Seasonal,237,1131.89,107,34.0522,-118.2437
2021-05,S003,Chicago,Midwest,Coffee,150,534.27,135,41.8781,-87.6298
2021-05,S003,Chicago,Midwest,Tea,124,563.19,93,41.8781,-87.6298
2021-05,S003,Chicago,Midwest,Frappuccino,162,573.86,172,41.8781,-87.6298
2021-05,S003,Chicago,Midwest,Refreshers,112,590.46,189,41.8781,-87.6298
2021-05,S003,Chicago,Midwest,Bakery,64,396.54,177,41.8781,-87.6298
2021-05,S003,Chicago,Midwest,Seasonal,233,783.78,174,41.8781,-87.6298
2021-05,S004,Houston,South,Coffee,114,698.05,187,29.7604,-95.3698
2021-05,S004,Houston,South,Tea,65,290.1,123,29.7604,-95.3698
2021-05,S004,Houston,South,Frappuccino,109,489.29,187,29.7604,-95.3698
2021-05,S004,Houston,South,Refreshers,65,334.2,162,29.7604,-95.3698
2021-05,S004,Houston,South,Bakery,57,273.75,106,29.7604,-95.3698
2021-05,S004,Houston,South,Seasonal,134,767.99,130,29.7604,-95.3698
2021-05,S005,Phoenix,West,Coffee,114,511.15,186,33.4484,-112.074
2021-05,S005,Phoenix,West,Tea,66,339.82,124,33.4484,-112.074
2021-05,S005,Phoenix,West,Frappuccino,126,701.32,114,33.4484,-112.074
2021-05,S005,Phoenix,West,Refreshers,95,310.66,149,33.4484,-112.074
2021-05,S005,Phoenix,West,Bakery,57,356.28,111,33.4484,-112.074
2021-05,S005,Phoenix,West,Seasonal,150,699.06,116,33.4484,-112.074
2021-05,S006,Philadelphia,East,Coffee,104,325.05,160,39.9526,-75.1652
2021-05,S006,Philadelphia,East,Tea,71,268.73,184,39.9526,-75.1652
2021-05,S006,Philadelphia,East,Frappuccino,86,362.11,94,39.9526,-75.1652
2021-05,S006,Philadelphia,East,Refreshers,68,304.55,93,39.9526,-75.1652
2021-05,S006,Philadelphia,East,Bakery,55,294.39,82,39.9526,-75.1652
2021-05,S006,Philadelphia,East,Seasonal,114,453.13,93,39.9526,-75.1652
2021-05,S007,San Antonio,South,Coffee,177,553.78,181,29.4241,-98.4936
2021-05,S007,San Antonio,South,Tea,82,440.71,114,29.4241,-98.4936
2021-05,S007,San Antonio,South,Frappuccino,133,771.67,123,29.4241,-98.4936
2021-05,S007,San Antonio,South,Refreshers,112,618.86,143,29.4241,-98.4936
2021-05,S007,San Antonio,South,Bakery,65,419.22,194,29.4241,-98.4936
2021-05,S007,San Antonio,South,Seasonal,206,1190.81,172,29.4241,-98.4936
2021-05,S008,San Diego,West,Coffee,140,687.62,199,32.7157,-117.1611
2021-05,S008,San Diego,West,Tea,61,387.04,194,32.7157,-117.1611
2021-05,S008,San Diego,West,Frappuccino,113,560.95,91,32.7157,-117.1611
2021-05,S008,San Diego,West,Refreshers,86,469.96,196,32.7157,-117.1611
2021-05,S008,San Diego,West,Bakery,32,133.95,173,32.7157,-117.1611
2021-05,S008,San Diego,West,Seasonal,143,866.71,148,32.7157,-117.1611
2021-05,S009,Dallas,South,Coffee,129,830.93,126,32.7767,-96.797
2021-05,S009,Dallas,South,Tea,92,348.0,108,32.7767,-96.797
2021-05,S009,Dallas,South,Frappuccino,109,514.42,159,32.7767,-96.797
2021-05,S009,Dallas,South,Refreshers,88,563.01,181,32.7767,-96.797
2021-05,S009,Dallas,South,Bakery,53,270.89,124,32.7767,-96.797
2021-05,S009,Dallas,South,Seasonal,151,772.61,102,32.7767,-96.797
2021-05,S010,San Jose,West,Coffee,156,544.66,83,37.3382,-121.8863
2021-05,S010,San Jose,West,Tea,77,239.18,198,37.3382,-121.8863
2021-05,S010,San Jose,West,Frappuccino,133,698.57,119,37.3382,-121.8863
2021-05,S010,San Jose,West,Refreshers,72,287.32,184,37.3382,-121.8863
2021-05,S010,San Jose,West,Bakery,63,387.71,180,37.3382,-121.8863
2021-05,S010,San Jose,West,Seasonal,148,878.76,127,37.3382,-121.8863
2021-06,S001,New York,East,Coffee,180,1070.23,177,40.7128,-74.006
2021-06,S001,New York,East,Tea,110,501.25,154,40.7128,-74.006
2021-06,S001,New York,East,Frappuccino,184,852.97,177,40.7128,-74.006
2021-06,S001,New York,East,Refreshers,118,762.94,108,40.7128,-74.006
2021-06,S001,New York,East,Bakery,112,432.27,126,40.7128,-74.006
2021-06,S001,New York,East,Seasonal,224,984.71,86,40.7128,-74.006
2021-06,S002,Los Angeles,West,Coffee,187,1082.01,186,34.0522,-118.2437
2021-06,S002,Los Angeles,West,Tea,109,343.85,189,34.0522,-118.2437
2021-06,S002,Los Angeles,West,Frappuccino,168,509.2,104,34.0522,-118.2437
2021-06,S002,Los Angeles,West,Refreshers,109,633.54,133,34.0522,-118.2437
2021-06,S002,Los Angeles,West,Bakery,85,371.14,85,34.0522,-118.2437
2021-06,S002,Los Angeles,West,Seasonal,223,928.85,196,34.0522,-118.2437
2021-06,S003,Chicago,Midwest,Coffee,196,849.85,161,41.8781,-87.6298
2021-06,S003,Chicago,Midwest,Tea,102,394.43,187,41.8781,-87.6298
2021-06,S003,Chicago,Midwest,Frappuccino,173,1047.22,106,41.8781,-87.6298
2021-06,S003,Chicago,Midwest,Refreshers,98,570.78,182,41.8781,-87.6298
2021-06,S003,Chicago,Midwest,Bakery,82,382.62,110,41.8781,-87.6298
2021-06,S003,Chicago,Midwest,Seasonal,242,1331.76,175,41.8781,-87.6298
2021-06,S004,Houston,South,Coffee,117,376.31,173,29.7604,-95.3698
2021-06,S004,Houston,South,Tea,49,216.61,183,29.7604,-95.3698
2021-06,S004,Houston,South,Frappuccino,80,346.37,184,29.7604,-95.3698
2021-06,S004,Houston,South,Refreshers,70,230.09,88,29.7604,-95.3698
2021-06,S004,Houston,South,Bakery,58,200.78,181,29.7604,-95.3698
2021-06,S004,Houston,South,Seasonal,126,683.91,81,29.7604,-95.3698
2021-06,S005,Phoenix,West,Coffee,142,839.96,156,33.4484,-112.074
2021-06,S005,Phoenix,West,Tea,76,429.12,179,33.4484,-112.074
2021-06,S005,Phoenix,West,Frappuccino,127,810.88,143,33.4484,-112.074
2021-06,S005,Phoenix,West,Refreshers,98,399.75,191,33.4484,-112.074
2021-06,S005,Phoenix,West,Bakery,66,387.81,136,33.4484,-112.074
2021-06,S005,Phoenix,West,Seasonal,160,985.9,193,33.4484,-112.074
2021-06,S006,Philadelphia,East,Coffee,120,562.36,153,39.9526,-75.1652
2021-06,S006,Philadelphia,East,Tea,48,170.6,117,39.9526,-75.1652
2021-06,S006,Philadelphia,East,Frappuccino,90,282.79,96,39.9526,-75.1652
2021-06,S006,Philadelphia,East,Refreshers,62,364.29,82,39.9526,-75.1652
2021-06,S006,Philadelphia,East,Bakery,46,256.46,187,39.9526,-75.1652
2021-06,S006,Philadelphia,East,Seasonal,135,478.03,191,39.9526,-75.1652
2021-06,S007,San Antonio,South,Coffee,138,847.54,87,29.4241,-98.4936
2021-06,S007,San Antonio,South,Tea,81,289.48,137,29.4241,-98.4936
2021-06,S007,San Antonio,South,Frappuccino,137,534.22,175,29.4241,-98.4936
2021-06,S007,San Antonio,South,Refreshers,97,498.19,121,29.4241,-98.4936
2021-06,S007,San Antonio,South,Bakery,56,279.71,90,29.4241,-98.4936
2021-06,S007,San Antonio,South,Seasonal,172,576.61,86,29.4241,-98.4936
2021-06,S008,San Diego,West,Coffee,124,750.72,164,32.7157,-117.1611
2021-06,S008,San Diego,West,Tea,63,397.16,136,32.7157,-117.1611
2021-06,S008,San Diego,West,Frappuccino,103,316.4,182,32.7157,-117.1611
2021-06,S008,San Diego,West,Refreshers,86,358.12,162,32.7157,-117.1611
2021-06,S008,San Diego,West,Bakery,49,155.18,130,32.7157,-117.1611
2021-06,S008,San Diego,West,Seasonal,153,739.75,125,32.7157,-117.1611
2021-06,S009,Dallas,South,Coffee,119,394.52,191,32.7767,-96.797
2021-06,S009,Dallas,South,Tea,60,316.18,136,32.7767,-96.797
2021-06,S009,Dallas,South,Frappuccino,112,475.36,101,32.7767,-96.797
2021-06,S009,Dallas,South,Refreshers,86,268.14,179,32.7767,-96.797
2021-06,S009,Dallas,South,Bakery,65,412.92,163,32.7767,-96.797
2021-06,S009,Dallas,South,Seasonal,145,778.88,94,32.7767,-96.797
2021-06,S010,San Jose,West,Coffee,136,650.43,122,37.3382,-121.8863
2021-06,S010,San Jose,West,Tea,69,396.79,88,37.3382,-121.8863
2021-06,S010,San Jose,West,Frappuccino,106,618.21,81,37.3382,-121.8863
2021-06,S010,San Jose,West,Refreshers,87,512.08,167,37.3382,-121.8863
2021-06,S010,San Jose,West,Bakery,70,360.77,181,37.3382,-121.8863
2021-06,S010,San Jose,West,Seasonal,143,646.98,163,37.3382,-121.8863
2021-07,S001,New York,East,Coffee,198,634.68,133,40.7128,-74.006
2021-07,S001,New York,East,Tea,114,715.22,148,40.7128,-74.006
2021-07,S001,New York,East,Frappuccino,181,1071.36,112,40.7128,-74.006
2021-07,S001,New York,East,Refreshers,158,884.99,126,40.7128,-74.006
2021-07,S001,New York,East,Bakery,87,405.67,122,40.7128,-74.006
2021-07,S001,New York,East,Seasonal,226,1407.09,154,40.7128,-74.006
2021-07,S002,Los Angeles,West,Coffee,192,1236.13,188,34.0522,-118.2437
2021-07,S002,Los Angeles,West,Tea,113,560.65,105,34.0522,-118.2437
2021-07,S002,Los Angeles,West,Frappuccino,170,691.43,105,34.0522,-118.2437
2021-07,S002,Los Angeles,West,Refreshers,121,368.33,168,34.0522,-118.2437
2021-07,S002,Los Angeles,West,Bakery,77,479.31,184,34.0522,-118.2437
2021-07,S002,Los Angeles,West,Seasonal,238,1378.04,103,34.0522,-118.2437
2021-07,S003,Chicago,Midwest,Coffee,174,925.92,179,41.8781,-87.6298
2021-07,S003,Chicago,Midwest,Tea,118,490.9,105,41.8781,-87.6298
2021-07,S003,Chicago,Midwest,Frappuccino,155,712.08,161,41.8781,-87.6298
2021-07,S003,Chicago,Midwest,Refreshers,110,614.74,86,41.8781,-87.6298
2021-07,S003,Chicago,Midwest,Bakery,69,395.76,112,41.8781,-87.6298
2021-07,S003,Chicago,Midwest,Seasonal,210,887.87,96,41.8781,-87.6298
2021-07,S004,Houston,South,Coffee,94,519.61,105,29.7604,-95.3698
2021-07,S004,Houston,South,Tea,60,293.39,194,29.7604,-95.3698
2021-07,S004,Houston,South,Frappuccino,101,653.95,136,29.7604,-95.3698
2021-07,S004,Houston,South,Refreshers,65,408.84,175,29.7604,-95.3698
2021-07,S004,Houston,South,Bakery,48,229.59,128,29.7604,-95.3698
2021-07,S004,Houston,South,Seasonal,119,491.03,129,29.7604,-95.3698
2021-07,S005,Phoenix,West,Coffee,113,505.29,173,33.4484,-112.074
2021-07,S005,Phoenix,West,Tea,81,350.55,102,33.4484,-112.074
2021-07,S005,Phoenix,West,Frappuccino,121,725.12,113,33.4484,-112.074
2021-07,S005,Phoenix,West,Refreshers,88,354.51,136,33.4484,-112.074
2021-07,S005,Phoenix,West,Bakery,59,230.8,177,33.4484,-112.074
2021-07,S005,Phoenix,West,Seasonal,151,918.8,171,33.4484,-112.074
2021-07,S006,Philadelphia,East,Coffee,114,417.68,136,39.9526,-75.1652
2021-07,S006,Philadelphia,East,Tea,55,315.99,162,39.9526,-75.1652
2021-07,S006,Philadelphia,East,Frappuccino,85,547.61,137,39.9526,-75.1652
2021-07,S006,Philadelphia,East,Refreshers,78,383.19,160,39.9526,-75.1652
2021-07,S006,Philadelphia,East,Bakery,53,324.08,161,39.9526,-75.1652
2021-07,S006,Philadelphia,East,Seasonal,114,645.52,183,39.9526,-75.1652
2021-07,S007,San Antonio,South,Coffee,166,762.02,93,29.4241,-98.4936
2021-07,S007,San Antonio,South,Tea,87,272.74,151,29.4241,-98.4936
2021-07,S007,San Antonio,South,Frappuccino,150,575.77,143,29.4241,-98.4936
2021-07,S007,San Antonio,South,Refreshers,112,490.32,164,29.4241,-98.4936
2021-07,S007,San Antonio,South,Bakery,78,495.15,113,29.4241,-98.4936
2021-07,S007,San Antonio,South,Seasonal,178,727.33,134,29.4241,-98.4936
2021-07,S008,San Diego,West,Coffee,114,530.72,164,32.7157,-117.1611
2021-07,S008,San Diego,West,Tea,72,303.54,135,32.7157,-117.1611
2021-07,S008,San Diego,West,Frappuccino,89,323.54,168,32.7157,-117.1611
2021-07,S008,San Diego,West,Refreshers,91,560.79,159,32.7157,-117.1611
2021-07,S008,San Diego,West,Bakery,45,191.01,155,32.7157,-117.1611
2021-07,S008,San Diego,West,Seasonal,141,530.4,198,32.7157,-117.1611
2021-07,S009,Dallas,South,Coffee,129,500.54,148,32.7767,-96.797
2021-07,S009,Dallas,South,Tea,49,240.75,92,32.7767,-96.797
2021-07,S009,Dallas,South,Frappuccino,107,531.7,196,32.7767,-96.797
2021-07,S009,Dallas,South,Refreshers,81,518.47,93,32.7767,-96.797
2021-07,S009,Dallas,South,Bakery,62,305.83,197,32.7767,-96.797
2021-07,S009,Dallas,South,Seasonal,140,859.73,137,32.7767,-96.797
2021-07,S010,San Jose,West,Coffee,139,549.29,185,37.3382,-121.8863
2021-07,S010,San Jose,West,Tea,83,324.1,117,37.3382,-121.8863
2021-07,S010,San Jose,West,Frappuccino,112,635.82,159,37.3382,-121.8863
2021-07,S010,San Jose,West,Refreshers,96,610.98,106,37.3382,-121.8863
2021-07,S010,San Jose,West,Bakery,69,372.92,160,37.3382,-121.8863
2021-07,S010,San Jose,West,Seasonal,168,534.1,174,37.3382,-121.8863
2021-08,S001,New York,East,Coffee,233,1384.3,122,40.7128,-74.006
2021-08,S001,New York,East,Tea,123,595.14,140,40.7128,-74.006
2021-08,S001,New York,East,Frappuccino,195,971.83,153,40.7128,-74.006
2021-08,S001,New York,East,Refreshers,144,567.48,107,40.7128,-74.006
2021-08,S001,New York,East,Bakery,94,552.28,88,40.7128,-74.006
2021-08,S001,New York,East,Seasonal,253,1233.93,103,40.7128,-74.006
2021-08,S002,Los Angeles,West,Coffee,186,815.33,163,34.0522,-118.2437
2021-08,S002,Los Angeles,West,Tea,111,703.07,139,34.0522,-118.2437
2021-08,S002,Los Angeles,West,Frappuccino,191,574.85,179,34.0522,-118.2437
2021-08,S002,Los Angeles,West,Refreshers,123,543.95,154,34.0522,-118.2437
2021-08,S002,Los Angeles,West,Bakery,74,418.54,162,34.0522,-118.2437
2021-08,S002,Los Angeles,West,Seasonal,222,1258.83,166,34.0522,-118.2437
2021-08,S003,Chicago,Midwest,Coffee,202,727.22,81,41.8781,-87.6298
2021-08,S003,Chicago,Midwest,Tea,109,349.72,143,41.8781,-87.6298
2021-08,S003,Chicago,Midwest,Frappuccino,151,703.12,127,41.8781,-87.6298
2021-08,S003,Chicago,Midwest,Refreshers,118,638.43,83,41.8781,-87.6298
2021-08,S003,Chicago,Midwest,Bakery,79,458.98,185,41.8781,-87.6298
2021-08,S003,Chicago,Midwest,Seasonal,214,1208.77,138,41.8781,-87.6298
2021-08,S004,Houston,South,Coffee,123,452.49,173,29.7604,-95.3698
2021-08,S004,Houston,South,Tea,73,450.17,165,29.7604,-95.3698
2021-08,S004,Houston,South,Frappuccino,105,324.55,169,29.7604,-95.3698
2021-08,S004,Houston,South,Refreshers,68,339.23,162,29.7604,-95.3698
2021-08,S004,Houston,South,Bakery,49,273.6,83,29.7604,-95.3698
2021-08,S004,Houston,South,Seasonal,135,873.65,188,29.7604,-95.3698
2021-08,S005,Phoenix,West,Coffee,139,808.42,96,33.4484,-112.074
2021-08,S005,Phoenix,West,Tea,67,337.58,170,33.4484,-112.074
2021-08,S005,Phoenix,West,Frappuccino,116,548.83,149,33.4484,-112.074
2021-08,S005,Phoenix,West,Refreshers,90,363.51,183,33.4484,-112.074
2021-08,S005,Phoenix,West,Bakery,63,362.31,127,33.4484,-112.074
2021-08,S005,Phoenix,West,Seasonal,160,857.61,180,33.4484,-112.074
2021-08,S006,Philadelphia,East,Coffee,104,644.24,150,39.9526,-75.1652
2021-08,S006,Philadelphia,East,Tea,44,145.98,115,39.9526,-75.1652
2021-08,S006,Philadelphia,East,Frappuccino,100,337.52,188,39.9526,-75.1652
2021-08,S006,Philadelphia,East,Refreshers,63,366.54,150,39.9526,-75.1652
2021-08,S006,Philadelphia,East,Bakery,39,167.59,182,39.9526,-75.1652
2021-08,S006,Philadelphia,East,Seasonal,121,630.98,119,39.9526,-75.1652
2021-08,S007,San Antonio,South,Coffee,140,797.08,80,29.4241,-98.4936
2021-08,S007,San Antonio,South,Tea,80,403.11,86,29.4241,-98.4936
2021-08,S007,San Antonio,South,Frappuccino,142,463.24,97,29.4241,-98.4936
2021-08,S007,San Antonio,South,Refreshers,100,594.66,93,29.4241,-98.4936
2021-08,S007,San Antonio,South,Bakery,69,399.51,191,29.4241,-98.4936
2021-08,S007,San Antonio,South,Seasonal,169,933.45,199,29.4241,-98.4936
2021-08,S008,San Diego,West,Coffee,123,484.62,120,32.7157,-117.1611
2021-08,S008,San Diego,West,Tea,57,255.76,130,32.7157,-117.1611
2021-08,S008,San Diego,West,Frappuccino,95,594.72,148,32.7157,-117.1611
2021-08,S008,San Diego,West,Refreshers,80,313.29,119,32.7157,-117.1611
2021-08,S008,San Diego,West,Bakery,50,246.56,185,32.7157,-117.1611
2021-08,S008,San Diego,West,Seasonal,146,816.06,143,32.7157,-117.1611
2021-08,S009,Dallas,South,Coffee,132,664.78,133,32.7767,-96.797
2021-08,S009,Dallas,South,Tea,65,414.41,109,32.7767,-96.797
2021-08,S009,Dallas,South,Frappuccino,100,556.48,134,32.7767,-96.797
2021-08,S009,Dallas,South,Refreshers,88,279.4,107,32.7767,-96.797
2021-08,S009,Dallas,South,Bakery,64,405.15,114,32.7767,-96.797
2021-08,S009,Dallas,South,Seasonal,145,790.93,114,32.7767,-96.797
2021-08,S010,San Jose,West,Coffee,132,417.93,143,37.3382,-121.8863
2021-08,S010,San Jose,West,Tea,89,571.0,169,37.3382,-121.8863
2021-08,S010,San Jose,West,Frappuccino,131,807.43,152,37.3382,-121.8863
2021-08,S010,San Jose,West,Refreshers,84,320.13,182,37.3382,-121.8863
2021-08,S010,San Jose,West,Bakery,73,471.3,104,37.3382,-121.8863
2021-08,S010,San Jose,West,Seasonal,173,1065.9,99,37.3382,-121.8863
2021-09,S001,New York,East,Coffee,228,1416.19,191,40.7128,-74.006
2021-09,S001,New York,East,Tea,113,407.44,113,40.7128,-74.006
2021-09,S001,New York,East,Frappuccino,173,960.95,101,40.7128,-74.006
2021-09,S001,New York,East,Refreshers,152,880.81,131,40.7128,-74.006
2021-09,S001,New York,East,Bakery,99,415.0,160,40.7128,-74.006
2021-09,S001,New York,East,Seasonal,229,1186.78,179,40.7128,-74.006
2021-09,S002,Los Angeles,West,Coffee,195,637.23,81,34.0522,-118.2437
2021-09,S002,Los Angeles,West,Tea,118,389.12,86,34.0522,-118.2437
2021-09,S002,Los Angeles,West,Frappuccino,179,703.1,80,34.0522,-118.2437
2021-09,S002,Los Angeles,West,Refreshers,115,445.02,120,34.0522,-118.2437
2021-09,S002,Los Angeles,West,Bakery,78,417.23,131,34.0522,-118.2437
2021-09,S002,Los Angeles,West,Seasonal,224,874.82,80,34.0522,-118.2437
2021-09,S003,Chicago,Midwest,Coffee,196,988.91,107,41.8781,-87.6298
2021-09,S003,Chicago,Midwest,Tea,97,392.93,160,41.8781,-87.6298
2021-09,S003,Chicago,Midwest,Frappuccino,166,632.78,188,41.8781,-87.6298
2021-09,S003,Chicago,Midwest,Refreshers,125,528.9,105,41.8781,-87.6298
2021-09,S003,Chicago,Midwest,Bakery,77,409.76,197,41.8781,-87.6298
2021-09,S003,Chicago,Midwest,Seasonal,198,773.68,104,41.8781,-87.6298
2021-09,S004,Houston,South,Coffee,135,604.65,85,29.7604,-95.3698
2021-09,S004,Houston,South,Tea,75,429.31,185,29.7604,-95.3698
2021-09,S004,Houston,South,Frappuccino,91,572.11,89,29.7604,-95.3698
2021-09,S004,Houston,South,Refreshers,73,445.02,84,29.7604,-95.3698
2021-09,S004,Houston,South,Bakery,47,286.18,185,29.7604,-95.3698
2021-09,S004,Houston,South,Seasonal,142,436.34,182,29.7604,-95.3698
2021-09,S005,Phoenix,West,Coffee,130,671.38,190,33.4484,-112.074
2021-09,S005,Phoenix,West,Tea,84,541.65,124,33.4484,-112.074
2021-09,S005,Phoenix,West,Frappuccino,121,499.83,112,33.4484,-112.074
2021-09,S005,Phoenix,West,Refreshers,78,395.17,116,33.4484,-112.074
2021-09,S005,Phoenix,West,Bakery,63,409.18,197,33.4484,-112.074
2021-09,S005,Phoenix,West,Seasonal,150,485.49,107,33.4484,-112.074
2021-09,S006,Philadelphia,East,Coffee,91,293.48,134,39.9526,-75.1652
2021-09,S006,Philadelphia,East,Tea,68,361.28,138,39.9526,-75.1652
2021-09,S006,Philadelphia,East,Frappuccino,86,462.68,137,39.9526,-75.1652
2021-09,S006,Philadelphia,East,Refreshers,68,348.82,165,39.9526,-75.1652
2021-09,S006,Philadelphia,East,Bakery,64,214.34,170,39.9526,-75.1652
2021-09,S006,Philadelphia,East,Seasonal,118,735.31,85,39.9526,-75.1652
2021-09,S007,San Antonio,South,Coffee,169,987.27,145,29.4241,-98.4936
2021-09,S007,San Antonio,South,Tea,78,321.57,177,29.4241,-98.4936
2021-09,S007,San Antonio,South,Frappuccino,113,588.1,127,29.4241,-98.4936
2021-09,S007,San Antonio,South,Refreshers,91,339.83,168,29.4241,-98.4936
2021-09,S007,San Antonio,South,Bakery,50,202.07,193,29.4241,-98.4936
2021-09,S007,San Antonio,South,Seasonal,165,673.96,193,29.4241,-98.4936
2021-09,S008,San Diego,West,Coffee,118,469.81,174,32.7157,-117.1611
2021-09,S008,San Diego,West,Tea,75,344.71,132,32.7157,-117.1611
2021-09,S008,San Diego,West,Frappuccino,89,352.52,108,32.7157,-117.1611
2021-09,S008,San Diego,West,Refreshers,81,365.46,173,32.7157,-117.1611
2021-09,S008,San Diego,West,Bakery,59,324.44,125,32.7157,-117.1611
2021-09,S008,San Diego,West,Seasonal,147,756.49,148,32.7157,-117.1611
2021-09,S009,Dallas,South,Coffee,119,526.38,125,32.7767,-96.797
2021-09,S009,Dallas,South,Tea,74,309.95,182,32.7767,-96.797
2021-09,S009,Dallas,South,Frappuccino,103,375.13,94,32.7767,-96.797
2021-09,S009,Dallas,South,Refreshers,72,455.38,191,32.7767,-96.797
2021-09,S009,Dallas,South,Bakery,51,260.05,157,32.7767,-96.797
2021-09,S009,Dallas,South,Seasonal,157,824.93,155,32.7767,-96.797
2021-09,S010,San Jose,West,Coffee,138,607.4,130,37.3382,-121.8863
2021-09,S010,San Jose,West,Tea,78,240.91,91,37.3382,-121.8863
2021-09,S010,San Jose,West,Frappuccino,120,691.92,120,37.3382,-121.8863
2021-09,S010,San Jose,West,Refreshers,101,628.04,112,37.3382,-121.8863
2021-09,S010,San Jose,West,Bakery,56,168.48,194,37.3382,-121.8863
2021-09,S010,San Jose,West,Seasonal,154,727.16,161,37.3382,-121.8863
2021-10,S001,New York,East,Coffee,211,874.37,166,40.7128,-74.006
2021-10,S001,New York,East,Tea,113,540.83,178,40.7128,-74.006
2021-10,S001,New York,East,Frappuccino,191,864.36,195,40.7128,-74.006
2021-10,S001,New York,East,Refreshers,143,836.81,167,40.7128,-74.006
2021-10,S001,New York,East,Bakery,92,511.74,146,40.7128,-74.006
2021-10,S001,New York,East,Seasonal,236,979.71,161,40.7128,-74.006
2021-10,S002,Los Angeles,West,Coffee,177,642.92,147,34.0522,-118.2437
2021-10,S002,Los Angeles,West,Tea,121,521.13,165,34.0522,-118.2437
2021-10,S002,Los Angeles,West,Frappuccino,185,1012.32,113,34.0522,-118.2437
2021-10,S002,Los Angeles,West,Refreshers,137,433.83,132,34.0522,-118.2437
2021-10,S002,Los Angeles,West,Bakery,110,569.17,113,34.0522,-118.2437
2021-10,S002,Los Angeles,West,Seasonal,242,1461.56,164,34.0522,-118.2437
2021-10,S003,Chicago,Midwest,Coffee,175,794.54,170,41.8781,-87.6298
2021-10,S003,Chicago,Midwest,Tea,96,401.29,132,41.8781,-87.6298
2021-10,S003,Chicago,Midwest,Frappuccino,171,997.69,173,41.8781,-87.6298
2021-10,S003,Chicago,Midwest,Refreshers,118,697.24,99,41.8781,-87.6298
2021-10,S003,Chicago,Midwest,Bakery,67,400.46,126,41.8781,-87.6298
2021-10,S003,Chicago,Midwest,Seasonal,214,782.45,83,41.8781,-87.6298
2021-10,S004,Houston,South,Coffee,115,419.49,130,29.7604,-95.3698
2021-10,S004,Houston,South,Tea,60,326.1,123,29.7604,-95.3698
2021-10,S004,Houston,South,Frappuccino,88,308.17,89,29.7604,-95.3698
2021-10,S004,Houston,South,Refreshers,75,452.9,130,29.7604,-95.3698
2021-10,S004,Houston,South,Bakery,49,301.15,171,29.7604,-95.3698
2021-10,S004,Houston,South,Seasonal,132,754.01,90,29.7604,-95.3698
2021-10,S005,Phoenix,West,Coffee,126,706.97,169,33.4484,-112.074
2021-10,S005,Phoenix,West,Tea,65,202.67,195,33.4484,-112.074
2021-10,S005,Phoenix,West,Frappuccino,114,357.55,82,33.4484,-112.074
2021-10,S005,Phoenix,West,Refreshers,80,403.13,126,33.4484,-112.074
2021-10,S005,Phoenix,West,Bakery,51,219.86,115,33.4484,-112.074
2021-10,S005,Phoenix,West,Seasonal,160,715.42,92,33.4484,-112.074
2021-10,S006,Philadelphia,East,Coffee,116,558.65,184,39.9526,-75.1652
2021-10,S006,Philadelphia,East,Tea,55,292.21,191,39.9526,-75.1652
2021-10,S006,Philadelphia,East,Frappuccino,98,592.41,169,39.9526,-75.1652
2021-10,S006,Philadelphia,East,Refreshers,68,338.25,144,39.9526,-75.1652
2021-10,S006,Philadelphia,East,Bakery,38,210.28,135,39.9526,-75.1652
2021-10,S006,Philadelphia,East,Seasonal,115,485.35,80,39.9526,-75.1652
2021-10,S007,San Antonio,South,Coffee,163,545.51,195,29.4241,-98.4936
2021-10,S007,San Antonio,South,Tea,96,314.33,172,29.4241,-98.4936
2021-10,S007,San Antonio,South,Frappuccino,146,894.96,142,29.4241,-98.4936
2021-10,S007,San Antonio,South,Refreshers,109,466.66,128,29.4241,-98.4936
2021-10,S007,San Antonio,South,Bakery,59,191.27,111,29.4241,-98.4936
2021-10,S007,San Antonio,South,Seasonal,198,1285.78,102,29.4241,-98.4936
2021-10,S008,San Diego,West,Coffee,122,493.0,139,32.7157,-117.1611
2021-10,S008,San Diego,West,Tea,68,239.69,190,32.7157,-117.1611
2021-10,S008,San Diego,West,Frappuccino,111,501.75,129,32.7157,-117.1611
2021-10,S008,San Diego,West,Refreshers,83,522.05,156,32.7157,-117.1611
2021-10,S008,San Diego,West,Bakery,57,299.9,196,32.7157,-117.1611
2021-10,S008,San Diego,West,Seasonal,147,743.03,161,32.7157,-117.1611
2021-10,S009,Dallas,South,Coffee,108,547.45,107,32.7767,-96.797
2021-10,S009,Dallas,South,Tea,76,232.19,112,32.7767,-96.797
2021-10,S009,Dallas,South,Frappuccino,94,510.55,96,32.7767,-96.797
2021-10,S009,Dallas,South,Refreshers,88,391.9,193,32.7767,-96.797
2021-10,S009,Dallas,South,Bakery,64,413.57,171,32.7767,-96.797
2021-10,S009,Dallas,South,Seasonal,141,906.56,168,32.7767,-96.797
2021-10,S010,San Jose,West,Coffee,139,519.82,177,37.3382,-121.8863
2021-10,S010,San Jose,West,Tea,60,356.8,118,37.3382,-121.8863
2021-10,S010,San Jose,West,Frappuccino,128,599.92,108,37.3382,-121.8863
2021-10,S010,San Jose,West,Refreshers,97,340.38,102,37.3382,-121.8863
2021-10,S010,San Jose,West,Bakery,55,242.27,83,37.3382,-121.8863
2021-10,S010,San Jose,West,Seasonal,161,937.19,111,37.3382,-121.8863
2021-11,S001,New York,East,Coffee,217,1262.5,130,40.7128,-74.006
2021-11,S001,New York,East,Tea,110,347.25,82,40.7128,-74.006
2021-11,S001,New York,East,Frappuccino,188,646.38,130,40.7128,-74.006
2021-11,S001,New York,East,Refreshers,125,425.1,177,40.7128,-74.006
2021-11,S001,New York,East,Bakery,87,348.93,100,40.7128,-74.006
2021-11,S001,New York,East,Seasonal,233,1378.74,90,40.7128,-74.006
2021-11,S002,Los Angeles,West,Coffee,193,1227.35,132,34.0522,-118.2437
2021-11,S002,Los Angeles,West,Tea,127,712.83,180,34.0522,-118.2437
2021-11,S002,Los Angeles,West,Frappuccino,167,615.19,162,34.0522,-118.2437
2021-11,S002,Los Angeles,West,Refreshers,111,455.15,91,34.0522,-118.2437
2021-11,S002,Los Angeles,West,Bakery,76,477.33,183,34.0522,-118.2437
2021-11,S002,Los Angeles,West,Seasonal,239,836.25,92,34.0522,-118.2437
2021-11,S003,Chicago,Midwest,Coffee,187,625.03,126,41.8781,-87.6298
2021-11,S003,Chicago,Midwest,Tea,102,570.71,156,41.8781,-87.6298
2021-11,S003,Chicago,Midwest,Frappuccino,160,696.03,148,41.8781,-87.6298
2021-11,S003,Chicago,Midwest,Refreshers,121,599.29,138,41.8781,-87.6298
2021-11,S003,Chicago,Midwest,Bakery,94,588.19,194,41.8781,-87.6298
2021-11,S003,Chicago,Midwest,Seasonal,210,1056.41,184,41.8781,-87.6298
2021-11,S004,Houston,South,Coffee,117,537.06,101,29.7604,-95.3698
2021-11,S004,Houston,South,Tea,72,325.93,192,29.7604,-95.3698
2021-11,S004,Houston,South,Frappuccino,104,566.27,159,29.7604,-95.3698
2021-11,S004,Houston,South,Refreshers,68,423.15,184,29.7604,-95.3698
2021-11,S004,Houston,South,Bakery,45,182.24,165,29.7604,-95.3698
2021-11,S004,Houston,South,Seasonal,139,868.35,157,29.7604,-95.3698
2021-11,S005,Phoenix,West,Coffee,135,714.58,172,33.4484,-112.074
2021-11,S005,Phoenix,West,Tea,77,415.22,109,33.4484,-112.074
2021-11,S005,Phoenix,West,Frappuccino,100,466.88,130,33.4484,-112.074
2021-11,S005,Phoenix,West,Refreshers,97,472.73,193,33.4484,-112.074
2021-11,S005,Phoenix,West,Bakery,50,300.11,133,33.4484,-112.074
2021-11,S005,Phoenix,West,Seasonal,173,949.71,136,33.4484,-112.074
2021-11,S006,Philadelphia,East,Coffee,91,334.98,172,39.9526,-75.1652
2021-11,S006,Philadelphia,East,Tea,65,320.81,90,39.9526,-75.1652
2021-11,S006,Philadelphia,East,Frappuccino,88,325.97,126,39.9526,-75.1652
2021-11,S006,Philadelphia,East,Refreshers,68,299.43,116,39.9526,-75.1652
2021-11,S006,Philadelphia,East,Bakery,46,231.63,83,39.9526,-75.1652
2021-11,S006,Philadelphia,East,Seasonal,110,363.56,199,39.9526,-75.1652
2021-11,S007,San Antonio,South,Coffee,164,519.21,122,29.4241,-98.4936
2021-11,S007,San Antonio,South,Tea,95,326.36,174,29.4241,-98.4936
2021-11,S007,San Antonio,South,Frappuccino,146,679.92,143,29.4241,-98.4936
2021-11,S007,San Antonio,South,Refreshers,98,418.8,168,29.4241,-98.4936
2021-11,S007,San Antonio,South,Bakery,57,331.9,107,29.4241,-98.4936
2021-11,S007,San Antonio,South,Seasonal,194,777.91,126,29.4241,-98.4936
2021-11,S008,San Diego,West,Coffee,103,460.04,125,32.7157,-117.1611
2021-11,S008,San Diego,West,Tea,66,207.64,121,32.7157,-117.1611
2021-11,S008,San Diego,West,Frappuccino,96,345.35,120,32.7157,-117.1611
2021-11,S008,San Diego,West,Refreshers,71,444.06,111,32.7157,-117.1611
2021-11,S008,San Diego,West,Bakery,63,357.8,186,32.7157,-117.1611
2021-11,S008,San Diego,West,Seasonal,133,768.61,160,32.7157,-117.1611
2021-11,S009,Dallas,South,Coffee,129,460.55,116,32.7767,-96.797
2021-11,S009,Dallas,South,Tea,81,524.63,141,32.7767,-96.797
2021-11,S009,Dallas,South,Frappuccino,124,658.22,138,32.7767,-96.797
2021-11,S009,Dallas,South,Refreshers,93,288.98,84,32.7767,-96.797
2021-11,S009,Dallas,South,Bakery,56,224.68,159,32.7767,-96.797
2021-11,S009,Dallas,South,Seasonal,147,938.01,89,32.7767,-96.797
2021-11,S010,San Jose,West,Coffee,130,688.42,134,37.3382,-121.8863
2021-11,S010,San Jose,West,Tea,81,517.25,182,37.3382,-121.8863
2021-11,S010,San Jose,West,Frappuccino,111,514.25,127,37.3382,-121.8863
2021-11,S010,San Jose,West,Refreshers,100,389.76,83,37.3382,-121.8863
2021-11,S010,San Jose,West,Bakery,77,320.02,183,37.3382,-121.8863
2021-11,S010,San Jose,West,Seasonal,160,998.68,123,37.3382,-121.8863
2021-12,S001,New York,East,Coffee,193,1079.25,150,40.7128,-74.006
2021-12,S001,New York,East,Tea,95,436.56,103,40.7128,-74.006
2021-12,S001,New York,East,Frappuccino,165,1005.22,173,40.7128,-74.006
2021-12,S001,New York,East,Refreshers,152,957.92,170,40.7128,-74.006
2021-12,S001,New York,East,Bakery,87,307.91,106,40.7128,-74.006
2021-12,S001,New York,East,Seasonal,216,1392.38,88,40.7128,-74.006
2021-12,S002,Los Angeles,West,Coffee,231,1229.76,85,34.0522,-118.2437
2021-12,S002,Los Angeles,West,Tea,107,344.14,127,34.0522,-118.2437
2021-12,S002,Los Angeles,West,Frappuccino,180,928.61,136,34.0522,-118.2437
2021-12,S002,Los Angeles,West,Refreshers,103,334.21,158,34.0522,-118.2437
2021-12,S002,Los Angeles,West,Bakery,64,342.55,88,34.0522,-118.2437
2021-12,S002,Los Angeles,West,Seasonal,256,1574.41,95,34.0522,-118.2437
2021-12,S003,Chicago,Midwest,Coffee,184,1011.74,107,41.8781,-87.6298
2021-12,S003,Chicago,Midwest,Tea,80,358.64,98,41.8781,-87.6298
2021-12,S003,Chicago,Midwest,Frappuccino,127,703.83,106,41.8781,-87.6298
2021-12,S003,Chicago,Midwest,Refreshers,114,686.56,160,41.8781,-87.6298
2021-12,S003,Chicago,Midwest,Bakery,81,293.38,134,41.8781,-87.6298
2021-12,S003,Chicago,Midwest,Seasonal,224,1103.17,166,41.8781,-87.6298
2021-12,S004,Houston,South,Coffee,103,522.27,145,29.7604,-95.3698
2021-12,S004,Houston,South,Tea,71,368.22,134,29.7604,-95.3698
2021-12,S004,Houston,South,Frappuccino,77,398.55,127,29.7604,-95.3698
2021-12,S004,Houston,South,Refreshers,74,258.77,84,29.7604,-95.3698
2021-12,S004,Houston,South,Bakery,40,144.74,153,29.7604,-95.3698
2021-12,S004,Houston,South,Seasonal,147,528.6,144,29.7604,-95.3698
2021-12,S005,Phoenix,West,Coffee,143,449.78,152,33.4484,-112.074
2021-12,S005,Phoenix,West,Tea,78,479.09,137,33.4484,-112.074
2021-12,S005,Phoenix,West,Frappuccino,120,706.46,181,33.4484,-112.074
2021-12,S005,Phoenix,West,Refreshers,83,291.21,116,33.4484,-112.074
2021-12,S005,Phoenix,West,Bakery,53,305.08,149,33.4484,-112.074
2021-12,S005,Phoenix,West,Seasonal,151,554.85,176,33.4484,-112.074
2021-12,S006,Philadelphia,East,Coffee,95,458.86,101,39.9526,-75.1652
2021-12,S006,Philadelphia,East,Tea,69,278.43,94,39.9526,-75.1652
2021-12,S006,Philadelphia,East,Frappuccino,94,590.97,163,39.9526,-75.1652
2021-12,S006,Philadelphia,East,Refreshers,77,356.51,123,39.9526,-75.1652
2021-12,S006,Philadelphia,East,Bakery,48,203.21,92,39.9526,-75.1652
2021-12,S006,Philadelphia,East,Seasonal,129,778.81,109,39.9526,-75.1652
2021-12,S007,San Antonio,South,Coffee,152,695.36,172,29.4241,-98.4936
2021-12,S007,San Antonio,South,Tea,79,487.07,118,29.4241,-98.4936
2021-12,S007,San Antonio,South,Frappuccino,113,729.77,148,29.4241,-98.4936
2021-12,S007,San Antonio,South,Refreshers,103,590.86,105,29.4241,-98.4936
2021-12,S007,San Antonio,South,Bakery,59,334.85,158,29.4241,-98.4936
2021-12,S007,San Antonio,South,Seasonal,170,1067.69,177,29.4241,-98.4936
2021-12,S008,San Diego,West,Coffee,117,704.48,179,32.7157,-117.1611
2021-12,S008,San Diego,West,Tea,78,468.86,123,32.7157,-117.1611
2021-12,S008,San Diego,West,Frappuccino,104,400.21,199,32.7157,-117.1611
2021-12,S008,San Diego,West,Refreshers,84,439.78,144,32.7157,-117.1611
2021-12,S008,San Diego,West,Bakery,43,140.41,132,32.7157,-117.1611
2021-12,S008,San Diego,West,Seasonal,142,548.83,189,32.7157,-117.1611
2021-12,S009,Dallas,South,Coffee,138,554.91,159,32.7767,-96.797
2021-12,S009,Dallas,South,Tea,81,412.63,147,32.7767,-96.797
2021-12,S009,Dallas,South,Frappuccino,115,385.33,191,32.7767,-96.797
2021-12,S009,Dallas,South,Refreshers,81,476.49,85,32.7767,-96.797
2021-12,S009,Dallas,South,Bakery,50,280.36,127,32.7767,-96.797
2021-12,S009,Dallas,South,Seasonal,149,455.43,111,32.7767,-96.797
2021-12,S010,San Jose,West,Coffee,141,597.43,170,37.3382,-121.8863
2021-12,S010,San Jose,West,Tea,85,522.74,99,37.3382,-121.8863
2021-12,S010,San Jose,West,Frappuccino,121,757.55,140,37.3382,-121.8863
2021-12,S010,San Jose,West,Refreshers,96,618.11,134,37.3382,-121.8863
2021-12,S010,San Jose,West,Bakery,77,291.57,172,37.3382,-121.8863
2021-12,S010,San Jose,West,Seasonal,147,944.31,160,37.3382,-121.8863
2022-01,S001,New York,East,Coffee,203,1198.98,193,40.7128,-74.006
2022-01,S001,New York,East,Tea,138,687.36,124,40.7128,-74.006
2022-01,S001,New York,East,Frappuccino,148,512.44,155,40.7128,-74.006
2022-01,S001,New York,East,Refreshers,144,681.56,197,40.7128,-74.006
2022-01,S001,New York,East,Bakery,85,526.82,182,40.7128,-74.006
2022-01,S001,New York,East,Seasonal,248,1323.63,99,40.7128,-74.006
2022-01,S002,Los Angeles,West,Coffee,203,1183.83,150,34.0522,-118.2437
2022-01,S002,Los Angeles,West,Tea,109,335.85,121,34.0522,-118.2437
2022-01,S002,Los Angeles,West,Frappuccino,174,656.94,181,34.0522,-118.2437
2022-01,S002,Los Angeles,West,Refreshers,134,553.79,114,34.0522,-118.2437
2022-01,S002,Los Angeles,West,Bakery,84,346.47,123,34.0522,-118.2437
2022-01,S002,Los Angeles,West,Seasonal,231,920.62,197,34.0522,-118.2437
2022-01,S003,Chicago,Midwest,Coffee,168,971.69,198,41.8781,-87.6298
2022-01,S003,Chicago,Midwest,Tea,106,473.64,94,41.8781,-87.6298
2022-01,S003,Chicago,Midwest,Frappuccino,176,1110.85,125,41.8781,-87.6298
2022-01,S003,Chicago,Midwest,Refreshers,136,469.38,191,41.8781,-87.6298
2022-01,S003,Chicago,Midwest,Bakery,82,251.08,172,41.8781,-87.6298
2022-01,S003,Chicago,Midwest,Seasonal,221,1154.05,133,41.8781,-87.6298
2022-01,S004,Houston,South,Coffee,98,629.27,179,29.7604,-95.3698
2022-01,S004,Houston,South,Tea,54,315.08,82,29.7604,-95.3698
2022-01,S004,Houston,South,Frappuccino,91,365.88,131,29.7604,-95.3698
2022-01,S004,Houston,South,Refreshers,61,294.13,132,29.7604,-95.3698
2022-01,S004,Houston,South,Bakery,59,346.93,196,29.7604,-95.3698
2022-01,S004,Houston,South,Seasonal,133,621.55,158,29.7604,-95.3698
2022-01,S005,Phoenix,West,Coffee,138,682.95,170,33.4484,-112.074
2022-01,S005,Phoenix,West,Tea,68,304.33,158,33.4484,-112.074
2022-01,S005,Phoenix,West,Frappuccino,101,473.7,88,33.4484,-112.074
2022-01,S005,Phoenix,West,Refreshers,77,257.93,84,33.4484,-112.074
2022-01,S005,Phoenix,West,Bakery,53,326.35,186,33.4484,-112.074
2022-01,S005,Phoenix,West,Seasonal,153,954.44,122,33.4484,-112.074
2022-01,S006,Philadelphia,East,Coffee,117,566.11,172,39.9526,-75.1652
2022-01,S006,Philadelphia,East,Tea,61,284.01,162,39.9526,-75.1652
2022-01,S006,Philadelphia,East,Frappuccino,86,458.75,156,39.9526,-75.1652
2022-01,S006,Philadelphia,East,Refreshers,61,276.54,100,39.9526,-75.1652
2022-01,S006,Philadelphia,East,Bakery,51,194.5,169,39.9526,-75.1652
2022-01,S006,Philadelphia,East,Seasonal,123,741.17,81,39.9526,-75.1652
2022-01,S007,San Antonio,South,Coffee,143,909.22,123,29.4241,-98.4936
2022-01,S007,San Antonio,South,Tea,88,476.22,137,29.4241,-98.4936
2022-01,S007,San Antonio,South,Frappuccino,127,692.3,175,29.4241,-98.4936
2022-01,S007,San Antonio,South,Refreshers,98,622.63,123,29.4241,-98.4936
2022-01,S007,San Antonio,South,Bakery,68,324.63,151,29.4241,-98.4936
2022-01,S007,San Antonio,South,Seasonal,180,985.16,183,29.4241,-98.4936
2022-01,S008,San Diego,West,Coffee,107,671.55,194,32.7157,-117.1611
2022-01,S008,San Diego,West,Tea,64,406.64,149,32.7157,-117.1611
2022-01,S008,San Diego,West,Frappuccino,98,615.35,198,32.7157,-117.1611
2022-01,S008,San Diego,West,Refreshers,69,447.82,103,32.7157,-117.1611
2022-01,S008,San Diego,West,Bakery,45,159.74,138,32.7157,-117.1611
2022-01,S008,San Diego,West,Seasonal,122,742.79,179,32.7157,-117.1611
2022-01,S009,Dallas,South,Coffee,106,539.69,93,32.7767,-96.797
2022-01,S009,Dallas,South,Tea,65,374.74,146,32.7767,-96.797
2022-01,S009,Dallas,South,Frappuccino,106,419.94,113,32.7767,-96.797
2022-01,S009,Dallas,South,Refreshers,88,421.86,133,32.7767,-96.797
2022-01,S009,Dallas,South,Bakery,56,233.76,119,32.7767,-96.797
2022-01,S009,Dallas,South,Seasonal,138,761.29,135,32.7767,-96.797
2022-01,S010,San Jose,West,Coffee,143,725.29,91,37.3382,-121.8863
2022-01,S010,San Jose,West,Tea,68,231.22,139,37.3382,-121.8863
2022-01,S010,San Jose,West,Frappuccino,115,479.4,142,37.3382,-121.8863
2022-01,S010,San Jose,West,Refreshers,90,449.39,170,37.3382,-121.8863
2022-01,S010,San Jose,West,Bakery,60,231.18,136,37.3382,-121.8863
2022-01,S010,San Jose,West,Seasonal,148,810.7,169,37.3382,-121.8863
2022-02,S001,New York,East,Coffee,207,1181.18,197,40.7128,-74.006
2022-02,S001,New York,East,Tea,113,457.59,178,40.7128,-74.006
2022-02,S001,New York,East,Frappuccino,188,1097.0,164,40.7128,-74.006
2022-02,S001,New York,East,Refreshers,123,639.62,119,40.7128,-74.006
2022-02,S001,New York,East,Bakery,89,577.49,116,40.7128,-74.006
2022-02,S001,New York,East,Seasonal,233,889.61,109,40.7128,-74.006
2022-02,S002,Los Angeles,West,Coffee,208,1200.93,160,34.0522,-118.2437
2022-02,S002,Los Angeles,West,Tea,123,739.34,184,34.0522,-118.2437
2022-02,S002,Los Angeles,West,Frappuccino,153,922.81,134,34.0522,-118.2437
2022-02,S002,Los Angeles,West,Refreshers,133,799.86,90,34.0522,-118.2437
2022-02,S002,Los Angeles,West,Bakery,83,388.84,173,34.0522,-118.2437
2022-02,S002,Los Angeles,West,Seasonal,205,1063.91,166,34.0522,-118.2437
2022-02,S003,Chicago,Midwest,Coffee,201,887.73,139,41.8781,-87.6298
2022-02,S003,Chicago,Midwest,Tea,103,554.17,133,41.8781,-87.6298
2022-02,S003,Chicago,Midwest,Frappuccino,158,771.3,160,41.8781,-87.6298
2022-02,S003,Chicago,Midwest,Refreshers,113,707.77,83,41.8781,-87.6298
2022-02,S003,Chicago,Midwest,Bakery,75,405.31,182,41.8781,-87.6298
2022-02,S003,Chicago,Midwest,Seasonal,194,1009.45,131,41.8781,-87.6298
2022-02,S004,Houston,South,Coffee,105,552.73,115,29.7604,-95.3698
2022-02,S004,Houston,South,Tea,65,385.69,142,29.7604,-95.3698
2022-02,S004,Houston,South,Frappuccino,106,624.46,93,29.7604,-95.3698
2022-02,S004,Houston,South,Refreshers,68,327.41,158,29.7604,-95.3698
2022-02,S004,Houston,South,Bakery,38,244.69,189,29.7604,-95.3698
2022-02,S004,Houston,South,Seasonal,124,476.07,130,29.7604,-95.3698
2022-02,S005,Phoenix,West,Coffee,127,797.86,188,33.4484,-112.074
2022-02,S005,Phoenix,West,Tea,76,419.82,124,33.4484,-112.074
2022-02,S005,Phoenix,West,Frappuccino,119,725.6,116,33.4484,-112.074
2022-02,S005,Phoenix,West,Refreshers,89,272.74,167,33.4484,-112.074
2022-02,S005,Phoenix,West,Bakery,55,167.66,134,33.4484,-112.074
2022-02,S005,Phoenix,West,Seasonal,163,695.92,142,33.4484,-112.074
2022-02,S006,Philadelphia,East,Coffee,94,377.12,175,39.9526,-75.1652
2022-02,S006,Philadelphia,East,Tea,73,237.44,176,39.9526,-75.1652
2022-02,S006,Philadelphia,East,Frappuccino,94,306.44,173,39.9526,-75.1652
2022-02,S006,Philadelphia,East,Refreshers,70,366.06,93,39.9526,-75.1652
2022-02,S006,Philadelphia,East,Bakery,40,233.32,172,39.9526,-75.1652
2022-02,S006,Philadelphia,East,Seasonal,114,479.09,121,39.9526,-75.1652
2022-02,S007,San Antonio,South,Coffee,148,795.17,142,29.4241,-98.4936
2022-02,S007,San Antonio,South,Tea,96,357.33,84,29.4241,-98.4936
2022-02,S007,San Antonio,South,Frappuccino,133,637.28,147,29.4241,-98.4936
2022-02,S007,San Antonio,South,Refreshers,96,430.18,146,29.4241,-98.4936
2022-02,S007,San Antonio,South,Bakery,58,176.04,181,29.4241,-98.4936
2022-02,S007,San Antonio,South,Seasonal,178,668.33,196,29.4241,-98.4936
2022-02,S008,San Diego,West,Coffee,117,526.4,187,32.7157,-117.1611
2022-02,S008,San Diego,West,Tea,57,334.3,132,32.7157,-117.1611
2022-02,S008,San Diego,West,Frappuccino,110,546.17,149,32.7157,-117.1611
2022-02,S008,San Diego,West,Refreshers,78,378.98,99,32.7157,-117.1611
2022-02,S008,San Diego,West,Bakery,54,345.29,142,32.7157,-117.1611
2022-02,S008,San Diego,West,Seasonal,109,684.73,127,32.7157,-117.1611
2022-02,S009,Dallas,South,Coffee,124,609.25,135,32.7767,-96.797
2022-02,S009,Dallas,South,Tea,72,458.04,147,32.7767,-96.797
2022-02,S009,Dallas,South,Frappuccino,92,354.62,136,32.7767,-96.797
2022-02,S009,Dallas,South,Refreshers,91,544.35,143,32.7767,-96.797
2022-02,S009,Dallas,South,Bakery,49,286.09,193,32.7767,-96.797
2022-02,S009,Dallas,South,Seasonal,132,645.11,94,32.7767,-96.797
2022-02,S010,San Jose,West,Coffee,163,980.6,199,37.3382,-121.8863
2022-02,S010,San Jose,West,Tea,75,399.26,89,37.3382,-121.8863
2022-02,S010,San Jose,West,Frappuccino,112,709.61,188,37.3382,-121.8863
2022-02,S010,San Jose,West,Refreshers,89,424.04,101,37.3382,-121.8863
2022-02,S010,San Jose,West,Bakery,54,195.81,193,37.3382,-121.8863
2022-02,S010,San Jose,West,Seasonal,159,532.35,135,37.3382,-121.8863
2022-03,S001,New York,East,Coffee,211,875.9,163,40.7128,-74.006
2022-03,S001,New York,East,Tea,107,470.68,116,40.7128,-74.006
2022-03,S001,New York,East,Frappuccino,160,706.31,188,40.7128,-74.006
2022-03,S001,New York,East,Refreshers,135,712.09,106,40.7128,-74.006
2022-03,S001,New York,East,Bakery,90,525.51,124,40.7128,-74.006
2022-03,S001,New York,East,Seasonal,227,1125.78,125,40.7128,-74.006
2022-03,S002,Los Angeles,West,Coffee,196,853.18,148,34.0522,-118.2437
2022-03,S002,Los Angeles,West,Tea,108,624.35,133,34.0522,-118.2437
2022-03,S002,Los Angeles,West,Frappuccino,178,700.55,126,34.0522,-118.2437
2022-03,S002,Los Angeles,West,Refreshers,117,513.33,142,34.0522,-118.2437
2022-03,S002,Los Angeles,West,Bakery,90,493.79,97,34.0522,-118.2437
2022-03,S002,Los Angeles,West,Seasonal,219,1380.14,109,34.0522,-118.2437
2022-03,S003,Chicago,Midwest,Coffee,175,576.16,135,41.8781,-87.6298
2022-03,S003,Chicago,Midwest,Tea,95,433.77,134,41.8781,-87.6298
2022-03,S003,Chicago,Midwest,Frappuccino,148,450.21,171,41.8781,-87.6298
2022-03,S003,Chicago,Midwest,Refreshers,110,349.41,161,41.8781,-87.6298
2022-03,S003,Chicago,Midwest,Bakery,100,531.69,137,41.8781,-87.6298
2022-03,S003,Chicago,Midwest,Seasonal,238,1075.15,136,41.8781,-87.6298
2022-03,S004,Houston,South,Coffee,104,631.15,199,29.7604,-95.3698
2022-03,S004,Houston,South,Tea,64,213.79,82,29.7604,-95.3698
2022-03,S004,Houston,South,Frappuccino,104,551.05,116,29.7604,-95.3698
2022-03,S004,Houston,South,Refreshers,73,383.04,92,29.7604,-95.3698
2022-03,S004,Houston,South,Bakery,52,228.89,105,29.7604,-95.3698
2022-03,S004,Houston,South,Seasonal,120,558.1,173,29.7604,-95.3698
2022-03,S005,Phoenix,West,Coffee,139,697.87,129,33.4484,-112.074
2022-03,S005,Phoenix,West,Tea,64,390.01,144,33.4484,-112.074
2022-03,S005,Phoenix,West,Frappuccino,113,472.24,162,33.4484,-112.074
2022-03,S005,Phoenix,West,Refreshers,99,372.68,187,33.4484,-112.074
2022-03,S005,Phoenix,West,Bakery,51,184.07,167,33.4484,-112.074
2022-03,S005,Phoenix,West,Seasonal,157,572.0,151,33.4484,-112.074
2022-03,S006,Philadelphia,East,Coffee,107,685.83,167,39.9526,-75.1652
2022-03,S006,Philadelphia,East,Tea,50,294.9,181,39.9526,-75.1652
2022-03,S006,Philadelphia,East,Frappuccino,90,290.03,122,39.9526,-75.1652
2022-03,S006,Philadelphia,East,Refreshers,70,230.7,179,39.9526,-75.1652
2022-03,S006,Philadelphia,East,Bakery,39,229.37,97,39.9526,-75.1652
2022-03,S006,Philadelphia,East,Seasonal,115,671.28,163,39.9526,-75.1652
2022-03,S007,San Antonio,South,Coffee,171,607.4,107,29.4241,-98.4936
2022-03,S007,San Antonio,South,Tea,78,350.31,111,29.4241,-98.4936
2022-03,S007,San Antonio,South,Frappuccino,125,501.88,180,29.4241,-98.4936
2022-03,S007,San Antonio,South,Refreshers,100,550.59,175,29.4241,-98.4936
2022-03,S007,San Antonio,South,Bakery,66,286.21,149,29.4241,-98.4936
2022-03,S007,San Antonio,South,Seasonal,189,819.31,104,29.4241,-98.4936
2022-03,S008,San Diego,West,Coffee,121,374.81,198,32.7157,-117.1611
2022-03,S008,San Diego,West,Tea,66,278.42,192,32.7157,-117.1611
2022-03,S008,San Diego,West,Frappuccino,93,375.77,98,32.7157,-117.1611
2022-03,S008,San Diego,West,Refreshers,67,206.45,151,32.7157,-117.1611
2022-03,S008,San Diego,West,Bakery,50,181.09,84,32.7157,-117.1611
2022-03,S008,San Diego,West,Seasonal,129,578.71,81,32.7157,-117.1611
2022-03,S009,Dallas,South,Coffee,144,824.21,159,32.7767,-96.797
2022-03,S009,Dallas,South,Tea,76,443.5,183,32.7767,-96.797
2022-03,S009,Dallas,South,Frappuccino,96,290.95,196,32.7767,-96.797
2022-03,S009,Dallas,South,Refreshers,71,460.47,149,32.7767,-96.797
2022-03,S009,Dallas,South,Bakery,57,324.33,146,32.7767,-96.797
2022-03,S009,Dallas,South,Seasonal,137,678.94,190,32.7767,-96.797
2022-03,S010,San Jose,West,Coffee,145,550.16,186,37.3382,-121.8863
2022-03,S010,San Jose,West,Tea,89,405.63,85,37.3382,-121.8863
2022-03,S010,San Jose,West,Frappuccino,118,619.51,141,37.3382,-121.8863
2022-03,S010,San Jose,West,Refreshers,86,439.95,173,37.3382,-121.8863
2022-03,S010,San Jose,West,Bakery,60,373.8,172,37.3382,-121.8863
2022-03,S010,San Jose,West,Seasonal,169,920.6,175,37.3382,-121.8863
2022-04,S001,New York,East,Coffee,200,893.06,182,40.7128,-74.006
2022-04,S001,New York,East,Tea,112,713.3,178,40.7128,-74.006
2022-04,S001,New York,East,Frappuccino,197,1168.43,173,40.7128,-74.006
2022-04,S001,New York,East,Refreshers,149,693.09,177,40.7128,-74.006
2022-04,S001,New York,East,Bakery,97,318.77,80,40.7128,-74.006
2022-04,S001,New York,East,Seasonal,234,1499.57,103,40.7128,-74.006
2022-04,S002,Los Angeles,West,Coffee,166,1078.81,149,34.0522,-118.2437
2022-04,S002,Los Angeles,West,Tea,99,561.75,169,34.0522,-118.2437
2022-04,S002,Los Angeles,West,Frappuccino,171,929.18,146,34.0522,-118.2437
2022-04,S002,Los Angeles,West,Refreshers,136,762.85,192,34.0522,-118.2437
2022-04,S002,Los Angeles,West,Bakery,96,483.61,170,34.0522,-118.2437
2022-04,S002,Los Angeles,West,Seasonal,208,854.03,86,34.0522,-118.2437
2022-04,S003,Chicago,Midwest,Coffee,160,748.51,122,41.8781,-87.6298
2022-04,S003,Chicago,Midwest,Tea,103,502.46,178,41.8781,-87.6298
2022-04,S003,Chicago,Midwest,Frappuccino,161,949.04,82,41.8781,-87.6298
2022-04,S003,Chicago,Midwest,Refreshers,118,651.0,99,41.8781,-87.6298
2022-04,S003,Chicago,Midwest,Bakery,63,327.37,173,41.8781,-87.6298
2022-04,S003,Chicago,Midwest,Seasonal,184,663.67,109,41.8781,-87.6298
2022-04,S004,Houston,South,Coffee,103,635.29,122,29.7604,-95.3698
2022-04,S004,Houston,South,Tea,52,231.42,80,29.7604,-95.3698
2022-04,S004,Houston,South,Frappuccino,89,328.58,141,29.7604,-95.3698
2022-04,S004,Houston,South,Refreshers,68,341.92,145,29.7604,-95.3698
2022-04,S004,Houston,South,Bakery,43,252.11,145,29.7604,-95.3698
2022-04,S004,Houston,South,Seasonal,126,522.81,83,29.7604,-95.3698
2022-04,S005,Phoenix,West,Coffee,132,492.61,128,33.4484,-112.074
2022-04,S005,Phoenix,West,Tea,69,318.37,152,33.4484,-112.074
2022-04,S005,Phoenix,West,Frappuccino,111,393.97,154,33.4484,-112.074
2022-04,S005,Phoenix,West,Refreshers,80,402.96,133,33.4484,-112.074
2022-04,S005,Phoenix,West,Bakery,55,342.37,112,33.4484,-112.074
2022-04,S005,Phoenix,West,Seasonal,157,931.65,86,33.4484,-112.074
2022-04,S006,Philadelphia,East,Coffee,101,419.48,114,39.9526,-75.1652
2022-04,S006,Philadelphia,East,Tea,63,243.27,195,39.9526,-75.1652
2022-04,S006,Philadelphia,East,Frappuccino,90,288.87,88,39.9526,-75.1652
2022-04,S006,Philadelphia,East,Refreshers,90,492.1,188,39.9526,-75.1652
2022-04,S006,Philadelphia,East,Bakery,43,251.71,111,39.9526,-75.1652
2022-04,S006,Philadelphia,East,Seasonal,110,548.23,129,39.9526,-75.1652
2022-04,S007,San Antonio,South,Coffee,146,677.59,182,29.4241,-98.4936
2022-04,S007,San Antonio,South,Tea,68,225.19,172,29.4241,-98.4936
2022-04,S007,San Antonio,South,Frappuccino,144,677.13,80,29.4241,-98.4936
2022-04,S007,San Antonio,South,Refreshers,99,367.38,175,29.4241,-98.4936
2022-04,S007,San Antonio,South,Bakery,76,263.27,121,29.4241,-98.4936
2022-04,S007,San Antonio,South,Seasonal,157,596.55,148,29.4241,-98.4936
2022-04,S008,San Diego,West,Coffee,122,750.53,153,32.7157,-117.1611
2022-04,S008,San Diego,West,Tea,75,385.54,92,32.7157,-117.1611
2022-04,S008,San Diego,West,Frappuccino,115,387.27,104,32.7157,-117.1611
2022-04,S008,San Diego,West,Refreshers,86,383.32,92,32.7157,-117.1611
2022-04,S008,San Diego,West,Bakery,45,292.34,89,32.7157,-117.1611
2022-04,S008,San Diego,West,Seasonal,133,415.85,181,32.7157,-117.1611
2022-04,S009,Dallas,South,Coffee,145,477.94,138,32.7767,-96.797
2022-04,S009,Dallas,South,Tea,85,300.79,173,32.7767,-96.797
2022-04,S009,Dallas,South,Frappuccino,110,488.84,168,32.7767,-96.797
2022-04,S009,Dallas,South,Refreshers,77,377.55,108,32.7767,-96.797
2022-04,S009,Dallas,South,Bakery,59,376.43,103,32.7767,-96.797
2022-04,S009,Dallas,South,Seasonal,123,687.01,169,32.7767,-96.797
2022-04,S010,San Jose,West,Coffee,127,764.13,137,37.3382,-121.8863
2022-04,S010,San Jose,West,Tea,81,401.79,155,37.3382,-121.8863
2022-04,S010,San Jose,West,Frappuccino,124,491.83,126,37.3382,-121.8863
2022-04,S010,San Jose,West,Refreshers,96,331.65,111,37.3382,-121.8863
2022-04,S010,San Jose,West,Bakery,67,295.23,122,37.3382,-121.8863
2022-04,S010,San Jose,West,Seasonal,159,808.55,85,37.3382,-121.8863
2022-05,S001,New York,East,Coffee,195,828.23,127,40.7128,-74.006
2022-05,S001,New York,East,Tea,108,511.3,163,40.7128,-74.006
2022-05,S001,New York,East,Frappuccino,169,1027.77,178,40.7128,-74.006
2022-05,S001,New York,East,Refreshers,141,734.63,192,40.7128,-74.006
2022-05,S001,New York,East,Bakery,80,432.26,139,40.7128,-74.006
2022-05,S001,New York,East,Seasonal,262,856.37,158,40.7128,-74.006
2022-05,S002,Los Angeles,West,Coffee,170,699.18,156,34.0522,-118.2437
2022-05,S002,Los Angeles,West,Tea,110,440.96,174,34.0522,-118.2437
2022-05,S002,Los Angeles,West,Frappuccino,182,995.12,141,34.0522,-118.2437
2022-05,S002,Los Angeles,West,Refreshers,126,574.14,153,34.0522,-118.2437
2022-05,S002,Los Angeles,West,Bakery,81,254.46,86,34.0522,-118.2437
2022-05,S002,Los Angeles,West,Seasonal,233,735.69,99,34.0522,-118.2437
2022-05,S003,Chicago,Midwest,Coffee,179,879.7,80,41.8781,-87.6298
2022-05,S003,Chicago,Midwest,Tea,110,701.62,176,41.8781,-87.6298
2022-05,S003,Chicago,Midwest,Frappuccino,152,786.23,153,41.8781,-87.6298
2022-05,S003,Chicago,Midwest,Refreshers,96,323.38,88,41.8781,-87.6298
2022-05,S003,Chicago,Midwest,Bakery,86,290.9,92,41.8781,-87.6298
2022-05,S003,Chicago,Midwest,Seasonal,201,617.54,171,41.8781,-87.6298
2022-05,S004,Houston,South,Coffee,99,322.14,169,29.7604,-95.3698
2022-05,S004,Houston,South,Tea,57,360.01,158,29.7604,-95.3698
2022-05,S004,Houston,South,Frappuccino,94,457.96,166,29.7604,-95.3698
2022-05,S004,Houston,South,Refreshers,85,423.75,168,29.7604,-95.3698
2022-05,S004,Houston,South,Bakery,48,213.45,104,29.7604,-95.3698
2022-05,S004,Houston,South,Seasonal,136,544.15,151,29.7604,-95.3698
2022-05,S005,Phoenix,West,Coffee,137,502.87,94,33.4484,-112.074
2022-05,S005,Phoenix,West,Tea,75,437.57,167,33.4484,-112.074
2022-05,S005,Phoenix,West,Frappuccino,109,580.77,158,33.4484,-112.074
2022-05,S005,Phoenix,West,Refreshers,94,572.32,111,33.4484,-112.074
2022-05,S005,Phoenix,West,Bakery,52,157.4,193,33.4484,-112.074
2022-05,S005,Phoenix,West,Seasonal,165,707.11,187,33.4484,-112.074
2022-05,S006,Philadelphia,East,Coffee,109,567.63,142,39.9526,-75.1652
2022-05,S006,Philadelphia,East,Tea,54,284.11,184,39.9526,-75.1652
2022-05,S006,Philadelphia,East,Frappuccino,92,597.54,110,39.9526,-75.1652
2022-05,S006,Philadelphia,East,Refreshers,65,204.51,157,39.9526,-75.1652
2022-05,S006,Philadelphia,East,Bakery,50,200.34,111,39.9526,-75.1652
2022-05,S006,Philadelphia,East,Seasonal,117,709.02,115,39.9526,-75.1652
2022-05,S007,San Antonio,South,Coffee,155,474.84,132,29.4241,-98.4936
2022-05,S007,San Antonio,South,Tea,83,378.94,133,29.4241,-98.4936
2022-05,S007,San Antonio,South,Frappuccino,133,445.36,145,29.4241,-98.4936
2022-05,S007,San Antonio,South,Refreshers,102,467.68,88,29.4241,-98.4936
2022-05,S007,San Antonio,South,Bakery,71,275.82,134,29.4241,-98.4936
2022-05,S007,San Antonio,South,Seasonal,196,641.26,195,29.4241,-98.4936
2022-05,S008,San Diego,West,Coffee,121,769.25,199,32.7157,-117.1611
2022-05,S008,San Diego,West,Tea,69,427.98,176,32.7157,-117.1611
2022-05,S008,San Diego,West,Frappuccino,131,555.56,134,32.7157,-117.1611
2022-05,S008,San Diego,West,Refreshers,79,255.67,155,32.7157,-117.1611
2022-05,S008,San Diego,West,Bakery,42,246.87,134,32.7157,-117.1611
2022-05,S008,San Diego,West,Seasonal,143,929.47,80,32.7157,-117.1611
2022-05,S009,Dallas,South,Coffee,123,687.99,164,32.7767,-96.797
2022-05,S009,Dallas,South,Tea,72,217.58,141,32.7767,-96.797
2022-05,S009,Dallas,South,Frappuccino,111,666.47,134,32.7767,-96.797
2022-05,S009,Dallas,South,Refreshers,82,340.78,143,32.7767,-96.797
2022-05,S009,Dallas,South,Bakery,56,294.8,113,32.7767,-96.797
2022-05,S009,Dallas,South,Seasonal,145,662.75,192,32.7767,-96.797
2022-05,S010,San Jose,West,Coffee,157,713.76,185,37.3382,-121.8863
2022-05,S010,San Jose,West,Tea,94,347.96,170,37.3382,-121.8863
2022-05,S010,San Jose,West,Frappuccino,112,406.37,110,37.3382,-121.8863
2022-05,S010,San Jose,West,Refreshers,96,508.99,131,37.3382,-121.8863
2022-05,S010,San Jose,West,Bakery,65,233.93,86,37.3382,-121.8863
2022-05,S010,San Jose,West,Seasonal,171,603.22,123,37.3382,-121.8863
2022-06,S001,New York,East,Coffee,207,1165.0,107,40.7128,-74.006
2022-06,S001,New York,East,Tea,126,788.23,102,40.7128,-74.006
2022-06,S001,New York,East,Frappuccino,185,707.8,119,40.7128,-74.006
2022-06,S001,New York,East,Refreshers,125,736.72,161,40.7128,-74.006
2022-06,S001,New York,East,Bakery,82,394.33,85,40.7128,-74.006
2022-06,S001,New York,East,Seasonal,201,1048.06,164,40.7128,-74.006
2022-06,S002,Los Angeles,West,Coffee,197,1023.57,145,34.0522,-118.2437
2022-06,S002,Los Angeles,West,Tea,118,626.11,188,34.0522,-118.2437
2022-06,S002,Los Angeles,West,Frappuccino,185,843.06,184,34.0522,-118.2437
2022-06,S002,Los Angeles,West,Refreshers,132,609.45,143,34.0522,-118.2437
2022-06,S002,Los Angeles,West,Bakery,86,524.75,117,34.0522,-118.2437
2022-06,S002,Los Angeles,West,Seasonal,244,906.43,111,34.0522,-118.2437
2022-06,S003,Chicago,Midwest,Coffee,197,1040.6,116,41.8781,-87.6298
2022-06,S003,Chicago,Midwest,Tea,114,709.21,108,41.8781,-87.6298
2022-06,S003,Chicago,Midwest,Frappuccino,149,450.62,114,41.8781,-87.6298
2022-06,S003,Chicago,Midwest,Refreshers,99,578.02,112,41.8781,-87.6298
2022-06,S003,Chicago,Midwest,Bakery,74,353.5,86,41.8781,-87.6298
2022-06,S003,Chicago,Midwest,Seasonal,229,1037.22,82,41.8781,-87.6298
2022-06,S004,Houston,South,Coffee,103,575.61,172,29.7604,-95.3698
2022-06,S004,Houston,South,Tea,58,284.24,198,29.7604,-95.3698
2022-06,S004,Houston,South,Frappuccino,109,364.05,140,29.7604,-95.3698
2022-06,S004,Houston,South,Refreshers,74,439.41,99,29.7604,-95.3698
2022-06,S004,Houston,South,Bakery,46,178.77,141,29.7604,-95.3698
2022-06,S004,Houston,South,Seasonal,121,496.98,144,29.7604,-95.3698
2022-06,S005,Phoenix,West,Coffee,139,772.87,196,33.4484,-112.074
2022-06,S005,Phoenix,West,Tea,81,521.15,136,33.4484,-112.074
2022-06,S005,Phoenix,West,Frappuccino,125,424.66,144,33.4484,-112.074
2022-06,S005,Phoenix,West,Refreshers,98,351.47,184,33.4484,-112.074
2022-06,S005,Phoenix,West,Bakery,52,282.79,98,33.4484,-112.074
2022-06,S005,Phoenix,West,Seasonal,138,678.55,107,33.4484,-112.074
2022-06,S006,Philadelphia,East,Coffee,120,657.91,168,39.9526,-75.1652
2022-06,S006,Philadelphia,East,Tea,45,162.76,132,39.9526,-75.1652
2022-06,S006,Philadelphia,East,Frappuccino,93,418.14,171,39.9526,-75.1652
2022-06,S006,Philadelphia,East,Refreshers,71,364.64,166,39.9526,-75.1652
2022-06,S006,Philadelphia,East,Bakery,40,203.35,145,39.9526,-75.1652
2022-06,S006,Philadelphia,East,Seasonal,124,741.08,165,39.9526,-75.1652
2022-06,S007,San Antonio,South,Coffee,164,562.89,196,29.4241,-98.4936
2022-06,S007,San Antonio,South,Tea,94,486.75,95,29.4241,-98.4936
2022-06,S007,San Antonio,South,Frappuccino,123,748.14,133,29.4241,-98.4936
2022-06,S007,San Antonio,South,Refreshers,104,423.64,138,29.4241,-98.4936
2022-06,S007,San Antonio,South,Bakery,72,253.68,101,29.4241,-98.4936
2022-06,S007,San Antonio,South,Seasonal,172,533.12,139,29.4241,-98.4936
2022-06,S008,San Diego,West,Coffee,96,485.26,87,32.7157,-117.1611
2022-06,S008,San Diego,West,Tea,66,204.21,159,32.7157,-117.1611
2022-06,S008,San Diego,West,Frappuccino,110,571.72,195,32.7157,-117.1611
2022-06,S008,San Diego,West,Refreshers,71,285.0,163,32.7157,-117.1611
2022-06,S008,San Diego,West,Bakery,36,129.75,164,32.7157,-117.1611
2022-06,S008,San Diego,West,Seasonal,114,342.5,194,32.7157,-117.1611
2022-06,S009,Dallas,South,Coffee,118,713.63,187,32.7767,-96.797
2022-06,S009,Dallas,South,Tea,78,369.25,189,32.7767,-96.797
2022-06,S009,Dallas,South,Frappuccino,85,492.62,161,32.7767,-96.797
2022-06,S009,Dallas,South,Refreshers,73,304.06,108,32.7767,-96.797
2022-06,S009,Dallas,South,Bakery,44,185.64,94,32.7767,-96.797
2022-06,S009,Dallas,South,Seasonal,144,435.0,137,32.7767,-96.797
2022-06,S010,San Jose,West,Coffee,119,562.62,88,37.3382,-121.8863
2022-06,S010,San Jose,West,Tea,85,324.5,100,37.3382,-121.8863
2022-06,S010,San Jose,West,Frappuccino,118,462.36,87,37.3382,-121.8863
2022-06,S010,San Jose,West,Refreshers,98,415.17,155,37.3382,-121.8863
2022-06,S010,San Jose,West,Bakery,56,249.9,170,37.3382,-121.8863
2022-06,S010,San Jose,West,Seasonal,151,645.42,178,37.3382,-121.8863
2022-07,S001,New York,East,Coffee,179,816.28,112,40.7128,-74.006
2022-07,S001,New York,East,Tea,112,370.43,177,40.7128,-74.006
2022-07,S001,New York,East,Frappuccino,191,975.79,175,40.7128,-74.006
2022-07,S001,New York,East,Refreshers,108,666.54,93,40.7128,-74.006
2022-07,S001,New York,East,Bakery,80,314.01,108,40.7128,-74.006
2022-07,S001,New York,East,Seasonal,229,759.67,94,40.7128,-74.006
2022-07,S002,Los Angeles,West,Coffee,194,1196.76,163,34.0522,-118.2437
2022-07,S002,Los Angeles,West,Tea,111,544.86,87,34.0522,-118.2437
2022-07,S002,Los Angeles,West,Frappuccino,171,853.1,86,34.0522,-118.2437
2022-07,S002,Los Angeles,West,Refreshers,122,408.07,157,34.0522,-118.2437
2022-07,S002,Los Angeles,West,Bakery,97,545.97,197,34.0522,-118.2437
2022-07,S002,Los Angeles,West,Seasonal,241,1289.16,112,34.0522,-118.2437
2022-07,S003,Chicago,Midwest,Coffee,182,1104.04,122,41.8781,-87.6298
2022-07,S003,Chicago,Midwest,Tea,101,474.29,119,41.8781,-87.6298
2022-07,S003,Chicago,Midwest,Frappuccino,166,751.53,164,41.8781,-87.6298
2022-07,S003,Chicago,Midwest,Refreshers,137,469.01,169,41.8781,-87.6298
2022-07,S003,Chicago,Midwest,Bakery,83,265.09,122,41.8781,-87.6298
2022-07,S003,Chicago,Midwest,Seasonal,212,802.69,174,41.8781,-87.6298
2022-07,S004,Houston,South,Coffee,96,593.07,136,29.7604,-95.3698
2022-07,S004,Houston,South,Tea,72,263.65,104,29.7604,-95.3698
2022-07,S004,Houston,South,Frappuccino,117,448.85,92,29.7604,-95.3698
2022-07,S004,Houston,South,Refreshers,85,353.91,138,29.7604,-95.3698
2022-07,S004,Houston,South,Bakery,49,248.85,94,29.7604,-95.3698
2022-07,S004,Houston,South,Seasonal,117,372.43,166,29.7604,-95.3698
2022-07,S005,Phoenix,West,Coffee,136,517.71,114,33.4484,-112.074
2022-07,S005,Phoenix,West,Tea,75,348.41,161,33.4484,-112.074
2022-07,S005,Phoenix,West,Frappuccino,109,492.51,143,33.4484,-112.074
2022-07,S005,Phoenix,West,Refreshers,95,435.21,191,33.4484,-112.074
2022-07,S005,Phoenix,West,Bakery,58,252.39,124,33.4484,-112.074
2022-07,S005,Phoenix,West,Seasonal,160,874.32,179,33.4484,-112.074
2022-07,S006,Philadelphia,East,Coffee,101,326.06,195,39.9526,-75.1652
2022-07,S006,Philadelphia,East,Tea,42,231.88,104,39.9526,-75.1652
2022-07,S006,Philadelphia,East,Frappuccino,87,412.45,112,39.9526,-75.1652
2022-07,S006,Philadelphia,East,Refreshers,61,270.96,141,39.9526,-75.1652
2022-07,S006,Philadelphia,East,Bakery,43,254.59,160,39.9526,-75.1652
2022-07,S006,Philadelphia,East,Seasonal,138,755.39,136,39.9526,-75.1652
2022-07,S007,San Antonio,South,Coffee,158,719.93,90,29.4241,-98.4936
2022-07,S007,San Antonio,South,Tea,93,371.08,183,29.4241,-98.4936
2022-07,S007,San Antonio,South,Frappuccino,155,855.51,158,29.4241,-98.4936
2022-07,S007,San Antonio,South,Refreshers,108,682.75,183,29.4241,-98.4936
2022-07,S007,San Antonio,South,Bakery,63,211.4,134,29.4241,-98.4936
2022-07,S007,San Antonio,South,Seasonal,192,681.4,148,29.4241,-98.4936
2022-07,S008,San Diego,West,Coffee,106,475.15,99,32.7157,-117.1611
2022-07,S008,San Diego,West,Tea,58,209.83,150,32.7157,-117.1611
2022-07,S008,San Diego,West,Frappuccino,110,450.83,146,32.7157,-117.1611
2022-07,S008,San Diego,West,Refreshers,64,331.17,87,32.7157,-117.1611
2022-07,S008,San Diego,West,Bakery,42,249.42,105,32.7157,-117.1611
2022-07,S008,San Diego,West,Seasonal,156,806.19,116,32.7157,-117.1611
2022-07,S009,Dallas,South,Coffee,150,766.13,147,32.7767,-96.797
2022-07,S009,Dallas,South,Tea,70,413.82,95,32.7767,-96.797
2022-07,S009,Dallas,South,Frappuccino,100,431.67,162,32.7767,-96.797
2022-07,S009,Dallas,South,Refreshers,67,394.83,124,32.7767,-96.797
2022-07,S009,Dallas,South,Bakery,60,193.39,186,32.7767,-96.797
2022-07,S009,Dallas,South,Seasonal,135,547.91,94,32.7767,-96.797
2022-07,S010,San Jose,West,Coffee,136,602.28,98,37.3382,-121.8863
2022-07,S010,San Jose,West,Tea,83,298.42,119,37.3382,-121.8863
2022-07,S010,San Jose,West,Frappuccino,125,653.7,147,37.3382,-121.8863
2022-07,S010,San Jose,West,Refreshers,92,289.8,111,37.3382,-121.8863
2022-07,S010,San Jose,West,Bakery,67,228.51,81,37.3382,-121.8863
2022-07,S010,San Jose,West,Seasonal,168,1046.29,185,37.3382,-121.8863
2022-08,S001,New York,East,Coffee,235,1522.51,184,40.7128,-74.006
2022-08,S001,New York,East,Tea,122,540.69,106,40.7128,-74.006
2022-08,S001,New York,East,Frappuccino,183,580.67,162,40.7128,-74.006
2022-08,S001,New York,East,Refreshers,136,799.6,156,40.7128,-74.006
2022-08,S001,New York,East,Bakery,103,442.4,173,40.7128,-74.006
2022-08,S001,New York,East,Seasonal,247,828.57,156,40.7128,-74.006
2022-08,S002,Los Angeles,West,Coffee,188,1162.46,175,34.0522,-118.2437
2022-08,S002,Los Angeles,West,Tea,94,529.87,159,34.0522,-118.2437
2022-08,S002,Los Angeles,West,Frappuccino,195,616.26,145,34.0522,-118.2437
2022-08,S002,Los Angeles,West,Refreshers,130,683.4,168,34.0522,-118.2437
2022-08,S002,Los Angeles,West,Bakery,92,439.53,103,34.0522,-118.2437
2022-08,S002,Los Angeles,West,Seasonal,222,1300.22,84,34.0522,-118.2437
2022-08,S003,Chicago,Midwest,Coffee,174,1018.79,174,41.8781,-87.6298
2022-08,S003,Chicago,Midwest,Tea,109,444.89,103,41.8781,-87.6298
2022-08,S003,Chicago,Midwest,Frappuccino,168,1025.96,162,41.8781,-87.6298
2022-08,S003,Chicago,Midwest,Refreshers,110,440.66,166,41.8781,-87.6298
2022-08,S003,Chicago,Midwest,Bakery,85,357.14,116,41.8781,-87.6298
2022-08,S003,Chicago,Midwest,Seasonal,198,648.73,128,41.8781,-87.6298
2022-08,S004,Houston,South,Coffee,109,339.37,173,29.7604,-95.3698
2022-08,S004,Houston,South,Tea,76,448.52,89,29.7604,-95.3698
2022-08,S004,Houston,South,Frappuccino,104,640.91,143,29.7604,-95.3698
2022-08,S004,Houston,South,Refreshers,70,245.53,120,29.7604,-95.3698
2022-08,S004,Houston,South,Bakery,48,166.92,173,29.7604,-95.3698
2022-08,S004,Houston,South,Seasonal,134,854.81,148,29.7604,-95.3698
2022-08,S005,Phoenix,West,Coffee,145,531.16,112,33.4484,-112.074
2022-08,S005,Phoenix,West,Tea,75,473.13,92,33.4484,-112.074
2022-08,S005,Phoenix,West,Frappuccino,112,355.09,155,33.4484,-112.074
2022-08,S005,Phoenix,West,Refreshers,92,564.49,183,33.4484,-112.074
2022-08,S005,Phoenix,West,Bakery,82,529.67,93,33.4484,-112.074
2022-08,S005,Phoenix,West,Seasonal,158,652.93,150,33.4484,-112.074
2022-08,S006,Philadelphia,East,Coffee,111,698.41,85,39.9526,-75.1652
2022-08,S006,Philadelphia,East,Tea,75,363.86,186,39.9526,-75.1652
2022-08,S006,Philadelphia,East,Frappuccino,73,411.99,187,39.9526,-75.1652
2022-08,S006,Philadelphia,East,Refreshers,73,451.5,80,39.9526,-75.1652
2022-08,S006,Philadelphia,East,Bakery,41,179.19,154,39.9526,-75.1652
2022-08,S006,Philadelphia,East,Seasonal,117,515.14,125,39.9526,-75.1652
2022-08,S007,San Antonio,South,Coffee,154,683.12,157,29.4241,-98.4936
2022-08,S007,San Antonio,South,Tea,72,244.78,131,29.4241,-98.4936
2022-08,S007,San Antonio,South,Frappuccino,119,434.55,117,29.4241,-98.4936
2022-08,S007,San Antonio,South,Refreshers,98,360.03,128,29.4241,-98.4936
2022-08,S007,San Antonio,South,Bakery,68,340.23,134,29.4241,-98.4936
2022-08,S007,San Antonio,South,Seasonal,188,696.07,158,29.4241,-98.4936
2022-08,S008,San Diego,West,Coffee,119,637.62,111,32.7157,-117.1611
2022-08,S008,San Diego,West,Tea,71,380.75,175,32.7157,-117.1611
2022-08,S008,San Diego,West,Frappuccino,110,526.05,113,32.7157,-117.1611
2022-08,S008,San Diego,West,Refreshers,58,366.12,103,32.7157,-117.1611
2022-08,S008,San Diego,West,Bakery,48,266.74,160,32.7157,-117.1611
2022-08,S008,San Diego,West,Seasonal,126,706.95,169,32.7157,-117.1611
2022-08,S009,Dallas,South,Coffee,117,682.33,165,32.7767,-96.797
2022-08,S009,Dallas,South,Tea,55,251.1,120,32.7767,-96.797
2022-08,S009,Dallas,South,Frappuccino,111,635.05,165,32.7767,-96.797
2022-08,S009,Dallas,South,Refreshers,79,271.19,82,32.7767,-96.797
2022-08,S009,Dallas,South,Bakery,62,250.04,184,32.7767,-96.797
2022-08,S009,Dallas,South,Seasonal,133,628.1,147,32.7767,-96.797
2022-08,S010,San Jose,West,Coffee,142,838.13,161,37.3382,-121.8863
2022-08,S010,San Jose,West,Tea,83,513.45,132,37.3382,-121.8863
2022-08,S010,San Jose,West,Frappuccino,143,438.88,153,37.3382,-121.8863
2022-08,S010,San Jose,West,Refreshers,71,432.12,182,37.3382,-121.8863
2022-08,S010,San Jose,West,Bakery,67,237.05,141,37.3382,-121.8863
2022-08,S010,San Jose,West,Seasonal,149,698.6,120,37.3382,-121.8863
2022-09,S001,New York,East,Coffee,202,1035.81,136,40.7128,-74.006
2022-09,S001,New York,East,Tea,103,513.42,144,40.7128,-74.006
2022-09,S001,New York,East,Frappuccino,181,794.96,136,40.7128,-74.006
2022-09,S001,New York,East,Refreshers,145,682.48,142,40.7128,-74.006
2022-09,S001,New York,East,Bakery,90,479.08,174,40.7128,-74.006
2022-09,S001,New York,East,Seasonal,212,1259.71,115,40.7128,-74.006
2022-09,S002,Los Angeles,West,Coffee,209,916.93,163,34.0522,-118.2437
2022-09,S002,Los Angeles,West,Tea,110,427.08,90,34.0522,-118.2437
2022-09,S002,Los Angeles,West,Frappuccino,175,592.66,122,34.0522,-118.2437
2022-09,S002,Los Angeles,West,Refreshers,113,660.18,163,34.0522,-118.2437
2022-09,S002,Los Angeles,West,Bakery,72,418.88,173,34.0522,-118.2437
2022-09,S002,Los Angeles,West,Seasonal,211,1066.91,152,34.0522,-118.2437
2022-09,S003,Chicago,Midwest,Coffee,179,681.9,123,41.8781,-87.6298
2022-09,S003,Chicago,Midwest,Tea,110,677.65,167,41.8781,-87.6298
2022-09,S003,Chicago,Midwest,Frappuccino,167,948.4,110,41.8781,-87.6298
2022-09,S003,Chicago,Midwest,Refreshers,119,705.12,199,41.8781,-87.6298
2022-09,S003,Chicago,Midwest,Bakery,77,231.68,89,41.8781,-87.6298
2022-09,S003,Chicago,Midwest,Seasonal,203,897.41,184,41.8781,-87.6298
2022-09,S004,Houston,South,Coffee,133,685.35,116,29.7604,-95.3698
2022-09,S004,Houston,South,Tea,62,322.27,177,29.7604,-95.3698
2022-09,S004,Houston,South,Frappuccino,105,604.03,149,29.7604,-95.3698
2022-09,S004,Houston,South,Refreshers,78,246.5,197,29.7604,-95.3698
2022-09,S004,Houston,South,Bakery,44,173.05,139,29.7604,-95.3698
2022-09,S004,Houston,South,Seasonal,101,399.48,127,29.7604,-95.3698
2022-09,S005,Phoenix,West,Coffee,153,472.99,110,33.4484,-112.074
2022-09,S005,Phoenix,West,Tea,63,257.22,174,33.4484,-112.074
2022-09,S005,Phoenix,West,Frappuccino,134,637.8,191,33.4484,-112.074
2022-09,S005,Phoenix,West,Refreshers,71,215.77,80,33.4484,-112.074
2022-09,S005,Phoenix,West,Bakery,57,362.32,154,33.4484,-112.074
2022-09,S005,Phoenix,West,Seasonal,163,868.68,105,33.4484,-112.074
2022-09,S006,Philadelphia,East,Coffee,97,614.06,179,39.9526,-75.1652
2022-09,S006,Philadelphia,East,Tea,70,434.73,151,39.9526,-75.1652
2022-09,S006,Philadelphia,East,Frappuccino,92,386.5,95,39.9526,-75.1652
2022-09,S006,Philadelphia,East,Refreshers,86,284.62,98,39.9526,-75.1652
2022-09,S006,Philadelphia,East,Bakery,52,314.28,122,39.9526,-75.1652
2022-09,S006,Philadelphia,East,Seasonal,123,400.55,185,39.9526,-75.1652
2022-09,S007,San Antonio,South,Coffee,161,787.75,158,29.4241,-98.4936
2022-09,S007,San Antonio,South,Tea,85,261.51,82,29.4241,-98.4936
2022-09,S007,San Antonio,South,Frappuccino,140,783.79,101,29.4241,-98.4936
2022-09,S007,San Antonio,South,Refreshers,86,305.8,86,29.4241,-98.4936
2022-09,S007,San Antonio,South,Bakery,50,248.52,167,29.4241,-98.4936
2022-09,S007,San Antonio,South,Seasonal,193,931.76,187,29.4241,-98.4936
2022-09,S008,San Diego,West,Coffee,122,605.91,86,32.7157,-117.1611
2022-09,S008,San Diego,West,Tea,71,379.96,103,32.7157,-117.1611
2022-09,S008,San Diego,West,Frappuccino,113,351.72,141,32.7157,-117.1611
2022-09,S008,San Diego,West,Refreshers,74,388.88,155,32.7157,-117.1611
2022-09,S008,San Diego,West,Bakery,57,355.05,122,32.7157,-117.1611
2022-09,S008,San Diego,West,Seasonal,169,568.15,117,32.7157,-117.1611
2022-09,S009,Dallas,South,Coffee,115,540.06,197,32.7767,-96.797
2022-09,S009,Dallas,South,Tea,76,372.0,143,32.7767,-96.797
2022-09,S009,Dallas,South,Frappuccino,103,569.25,152,32.7767,-96.797
2022-09,S009,Dallas,South,Refreshers,78,310.01,171,32.7767,-96.797
2022-09,S009,Dallas,South,Bakery,47,174.53,182,32.7767,-96.797
2022-09,S009,Dallas,South,Seasonal,143,619.51,145,32.7767,-96.797
2022-09,S010,San Jose,West,Coffee,135,638.12,89,37.3382,-121.8863
2022-09,S010,San Jose,West,Tea,73,357.65,123,37.3382,-121.8863
2022-09,S010,San Jose,West,Frappuccino,107,506.7,128,37.3382,-121.8863
2022-09,S010,San Jose,West,Refreshers,88,403.7,155,37.3382,-121.8863
2022-09,S010,San Jose,West,Bakery,60,272.71,185,37.3382,-121.8863
2022-09,S010,San Jose,West,Seasonal,161,533.8,115,37.3382,-121.8863
2022-10,S001,New York,East,Coffee,219,1306.62,118,40.7128,-74.006
2022-10,S001,New York,East,Tea,117,499.6,160,40.7128,-74.006
2022-10,S001,New York,East,Frappuccino,174,955.59,169,40.7128,-74.006
2022-10,S001,New York,East,Refreshers,114,622.45,102,40.7128,-74.006
2022-10,S001,New York,East,Bakery,91,443.0,128,40.7128,-74.006
2022-10,S001,New York,East,Seasonal,219,658.16,116,40.7128,-74.006
2022-10,S002,Los Angeles,West,Coffee,183,585.54,170,34.0522,-118.2437
2022-10,S002,Los Angeles,West,Tea,122,681.16,120,34.0522,-118.2437
2022-10,S002,Los Angeles,West,Frappuccino,185,907.3,156,34.0522,-118.2437
2022-10,S002,Los Angeles,West,Refreshers,148,577.51,189,34.0522,-118.2437
2022-10,S002,Los Angeles,West,Bakery,97,486.15,161,34.0522,-118.2437
2022-10,S002,Los Angeles,West,Seasonal,215,791.19,192,34.0522,-118.2437
2022-10,S003,Chicago,Midwest,Coffee,187,817.56,162,41.8781,-87.6298
2022-10,S003,Chicago,Midwest,Tea,119,591.38,156,41.8781,-87.6298
2022-10,S003,Chicago,Midwest,Frappuccino,160,499.77,129,41.8781,-87.6298
2022-10,S003,Chicago,Midwest,Refreshers,121,458.0,111,41.8781,-87.6298
2022-10,S003,Chicago,Midwest,Bakery,69,368.73,119,41.8781,-87.6298
2022-10,S003,Chicago,Midwest,Seasonal,204,955.91,198,41.8781,-87.6298
2022-10,S004,Houston,South,Coffee,117,502.06,133,29.7604,-95.3698
2022-10,S004,Houston,South,Tea,61,366.89,135,29.7604,-95.3698
2022-10,S004,Houston,South,Frappuccino,105,625.49,85,29.7604,-95.3698
2022-10,S004,Houston,South,Refreshers,87,296.09,184,29.7604,-95.3698
2022-10,S004,Houston,South,Bakery,40,252.25,112,29.7604,-95.3698
2022-10,S004,Houston,South,Seasonal,136,873.98,125,29.7604,-95.3698
2022-10,S005,Phoenix,West,Coffee,140,703.36,186,33.4484,-112.074
2022-10,S005,Phoenix,West,Tea,66,250.26,100,33.4484,-112.074
2022-10,S005,Phoenix,West,Frappuccino,129,399.98,151,33.4484,-112.074
2022-10,S005,Phoenix,West,Refreshers,93,318.92,100,33.4484,-112.074
2022-10,S005,Phoenix,West,Bakery,54,228.3,166,33.4484,-112.074
2022-10,S005,Phoenix,West,Seasonal,159,913.86,93,33.4484,-112.074
2022-10,S006,Philadelphia,East,Coffee,101,480.57,104,39.9526,-75.1652
2022-10,S006,Philadelphia,East,Tea,61,288.52,164,39.9526,-75.1652
2022-10,S006,Philadelphia,East,Frappuccino,97,411.34,122,39.9526,-75.1652
2022-10,S006,Philadelphia,East,Refreshers,61,196.49,161,39.9526,-75.1652
2022-10,S006,Philadelphia,East,Bakery,47,198.2,82,39.9526,-75.1652
2022-10,S006,Philadelphia,East,Seasonal,113,498.59,134,39.9526,-75.1652
2022-10,S007,San Antonio,South,Coffee,147,901.93,118,29.4241,-98.4936
2022-10,S007,San Antonio,South,Tea,86,434.3,131,29.4241,-98.4936
2022-10,S007,San Antonio,South,Frappuccino,160,756.99,170,29.4241,-98.4936
2022-10,S007,San Antonio,South,Refreshers,107,615.22,97,29.4241,-98.4936
2022-10,S007,San Antonio,South,Bakery,67,410.52,189,29.4241,-98.4936
2022-10,S007,San Antonio,South,Seasonal,177,787.72,144,29.4241,-98.4936
2022-10,S008,San Diego,West,Coffee,107,608.16,173,32.7157,-117.1611
2022-10,S008,San Diego,West,Tea,66,370.06,175,32.7157,-117.1611
2022-10,S008,San Diego,West,Frappuccino,111,546.9,179,32.7157,-117.1611
2022-10,S008,San Diego,West,Refreshers,78,360.97,181,32.7157,-117.1611
2022-10,S008,San Diego,West,Bakery,44,163.37,80,32.7157,-117.1611
2022-10,S008,San Diego,West,Seasonal,153,698.86,184,32.7157,-117.1611
2022-10,S009,Dallas,South,Coffee,127,607.1,188,32.7767,-96.797
2022-10,S009,Dallas,South,Tea,82,328.66,165,32.7767,-96.797
2022-10,S009,Dallas,South,Frappuccino,107,610.32,154,32.7767,-96.797
2022-10,S009,Dallas,South,Refreshers,80,312.0,174,32.7767,-96.797
2022-10,S009,Dallas,South,Bakery,52,330.66,150,32.7767,-96.797
2022-10,S009,Dallas,South,Seasonal,151,970.19,121,32.7767,-96.797
2022-10,S010,San Jose,West,Coffee,128,438.94,161,37.3382,-121.8863
2022-10,S010,San Jose,West,Tea,75,450.42,159,37.3382,-121.8863
2022-10,S010,San Jose,West,Frappuccino,128,821.22,156,37.3382,-121.8863
2022-10,S010,San Jose,West,Refreshers,80,389.14,113,37.3382,-121.8863
2022-10,S010,San Jose,West,Bakery,53,199.2,158,37.3382,-121.8863
2022-10,S010,San Jose,West,Seasonal,162,666.72,119,37.3382,-121.8863
2022-11,S001,New York,East,Coffee,215,1173.67,84,40.7128,-74.006
2022-11,S001,New York,East,Tea,111,448.5,181,40.7128,-74.006
2022-11,S001,New York,East,Frappuccino,187,1012.83,127,40.7128,-74.006
2022-11,S001,New York,East,Refreshers,128,661.14,190,40.7128,-74.006
2022-11,S001,New York,East,Bakery,86,558.27,174,40.7128,-74.006
2022-11,S001,New York,East,Seasonal,238,862.7,150,40.7128,-74.006
2022-11,S002,Los Angeles,West,Coffee,206,1186.58,160,34.0522,-118.2437
2022-11,S002,Los Angeles,West,Tea,103,618.1,97,34.0522,-118.2437
2022-11,S002,Los Angeles,West,Frappuccino,180,1124.66,155,34.0522,-118.2437
2022-11,S002,Los Angeles,West,Refreshers,127,549.85,155,34.0522,-118.2437
2022-11,S002,Los Angeles,West,Bakery,89,447.99,199,34.0522,-118.2437
2022-11,S002,Los Angeles,West,Seasonal,200,813.31,94,34.0522,-118.2437
2022-11,S003,Chicago,Midwest,Coffee,197,933.07,143,41.8781,-87.6298
2022-11,S003,Chicago,Midwest,Tea,140,820.17,184,41.8781,-87.6298
2022-11,S003,Chicago,Midwest,Frappuccino,148,827.75,174,41.8781,-87.6298
2022-11,S003,Chicago,Midwest,Refreshers,113,559.06,147,41.8781,-87.6298
2022-11,S003,Chicago,Midwest,Bakery,81,341.18,81,41.8781,-87.6298
2022-11,S003,Chicago,Midwest,Seasonal,184,1103.78,162,41.8781,-87.6298
2022-11,S004,Houston,South,Coffee,109,521.82,174,29.7604,-95.3698
2022-11,S004,Houston,South,Tea,54,191.63,132,29.7604,-95.3698
2022-11,S004,Houston,South,Frappuccino,92,464.64,116,29.7604,-95.3698
2022-11,S004,Houston,South,Refreshers,70,212.71,101,29.7604,-95.3698
2022-11,S004,Houston,South,Bakery,40,242.58,171,29.7604,-95.3698
2022-11,S004,Houston,South,Seasonal,108,353.77,81,29.7604,-95.3698
2022-11,S005,Phoenix,West,Coffee,133,487.88,167,33.4484,-112.074
2022-11,S005,Phoenix,West,Tea,73,416.87,144,33.4484,-112.074
2022-11,S005,Phoenix,West,Frappuccino,120,697.73,184,33.4484,-112.074
2022-11,S005,Phoenix,West,Refreshers,80,449.38,106,33.4484,-112.074
2022-11,S005,Phoenix,West,Bakery,58,366.39,123,33.4484,-112.074
2022-11,S005,Phoenix,West,Seasonal,140,861.49,193,33.4484,-112.074
2022-11,S006,Philadelphia,East,Coffee,98,343.56,197,39.9526,-75.1652
2022-11,S006,Philadelphia,East,Tea,70,379.08,148,39.9526,-75.1652
2022-11,S006,Philadelphia,East,Frappuccino,104,427.14,179,39.9526,-75.1652
2022-11,S006,Philadelphia,East,Refreshers,61,246.11,164,39.9526,-75.1652
2022-11,S006,Philadelphia,East,Bakery,56,292.78,198,39.9526,-75.1652
2022-11,S006,Philadelphia,East,Seasonal,118,460.28,189,39.9526,-75.1652
2022-11,S007,San Antonio,South,Coffee,141,818.9,161,29.4241,-98.4936
2022-11,S007,San Antonio,South,Tea,96,354.38,117,29.4241,-98.4936
2022-11,S007,San Antonio,South,Frappuccino,135,479.84,188,29.4241,-98.4936
2022-11,S007,San Antonio,South,Refreshers,110,514.22,141,29.4241,-98.4936
2022-11,S007,San Antonio,South,Bakery,60,373.83,188,29.4241,-98.4936
2022-11,S007,San Antonio,South,Seasonal,157,680.81,139,29.4241,-98.4936
2022-11,S008,San Diego,West,Coffee,108,538.38,193,32.7157,-117.1611
2022-11,S008,San Diego,West,Tea,74,460.81,99,32.7157,-117.1611
2022-11,S008,San Diego,West,Frappuccino,125,424.85,85,32.7157,-117.1611
2022-11,S008,San Diego,West,Refreshers,88,389.42,81,32.7157,-117.1611
2022-11,S008,San Diego,West,Bakery,47,141.63,155,32.7157,-117.1611
2022-11,S008,San Diego,West,Seasonal,132,566.66,140,32.7157,-117.1611
2022-11,S009,Dallas,South,Coffee,115,665.23,157,32.7767,-96.797
2022-11,S009,Dallas,South,Tea,90,526.85,184,32.7767,-96.797
2022-11,S009,Dallas,South,Frappuccino,124,496.07,151,32.7767,-96.797
2022-11,S009,Dallas,South,Refreshers,78,400.96,173,32.7767,-96.797
2022-11,S009,Dallas,South,Bakery,59,311.44,82,32.7767,-96.797
2022-11,S009,Dallas,South,Seasonal,149,826.35,123,32.7767,-96.797
2022-11,S010,San Jose,West,Coffee,146,470.91,107,37.3382,-121.8863
2022-11,S010,San Jose,West,Tea,81,326.23,142,37.3382,-121.8863
2022-11,S010,San Jose,West,Frappuccino,120,753.34,90,37.3382,-121.8863
2022-11,S010,San Jose,West,Refreshers,95,454.33,103,37.3382,-121.8863
2022-11,S010,San Jose,West,Bakery,64,216.92,154,37.3382,-121.8863
2022-11,S010,San Jose,West,Seasonal,148,790.8,167,37.3382,-121.8863
2022-12,S001,New York,East,Coffee,203,742.65,198,40.7128,-74.006
2022-12,S001,New York,East,Tea,122,758.92,113,40.7128,-74.006
2022-12,S001,New York,East,Frappuccino,191,715.92,193,40.7128,-74.006
2022-12,S001,New York,East,Refreshers,148,534.95,152,40.7128,-74.006
2022-12,S001,New York,East,Bakery,108,598.07,156,40.7128,-74.006
2022-12,S001,New York,East,Seasonal,240,963.75,149,40.7128,-74.006
2022-12,S002,Los Angeles,West,Coffee,184,1164.7,174,34.0522,-118.2437
2022-12,S002,Los Angeles,West,Tea,116,546.44,128,34.0522,-118.2437
2022-12,S002,Los Angeles,West,Frappuccino,155,468.98,94,34.0522,-118.2437
2022-12,S002,Los Angeles,West,Refreshers,135,593.86,93,34.0522,-118.2437
2022-12,S002,Los Angeles,West,Bakery,93,326.03,83,34.0522,-118.2437
2022-12,S002,Los Angeles,West,Seasonal,256,835.6,120,34.0522,-118.2437
2022-12,S003,Chicago,Midwest,Coffee,190,1161.36,193,41.8781,-87.6298
2022-12,S003,Chicago,Midwest,Tea,103,354.86,118,41.8781,-87.6298
2022-12,S003,Chicago,Midwest,Frappuccino,174,797.45,154,41.8781,-87.6298
2022-12,S003,Chicago,Midwest,Refreshers,132,467.82,106,41.8781,-87.6298
2022-12,S003,Chicago,Midwest,Bakery,61,277.01,88,41.8781,-87.6298
2022-12,S003,Chicago,Midwest,Seasonal,186,751.56,159,41.8781,-87.6298
2022-12,S004,Houston,South,Coffee,99,378.44,173,29.7604,-95.3698
2022-12,S004,Houston,South,Tea,48,249.21,81,29.7604,-95.3698
2022-12,S004,Houston,South,Frappuccino,102,548.13,187,29.7604,-95.3698
2022-12,S004,Houston,South,Refreshers,65,310.5,179,29.7604,-95.3698
2022-12,S004,Houston,South,Bakery,43,192.88,167,29.7604,-95.3698
2022-12,S004,Houston,South,Seasonal,123,553.37,182,29.7604,-95.3698
2022-12,S005,Phoenix,West,Coffee,136,592.3,92,33.4484,-112.074
2022-12,S005,Phoenix,West,Tea,70,352.49,135,33.4484,-112.074
2022-12,S005,Phoenix,West,Frappuccino,107,481.54,164,33.4484,-112.074
2022-12,S005,Phoenix,West,Refreshers,73,407.08,104,33.4484,-112.074
2022-12,S005,Phoenix,West,Bakery,58,174.99,181,33.4484,-112.074
2022-12,S005,Phoenix,West,Seasonal,174,1061.87,132,33.4484,-112.074
2022-12,S006,Philadelphia,East,Coffee,101,540.0,92,39.9526,-75.1652
2022-12,S006,Philadelphia,East,Tea,58,221.66,98,39.9526,-75.1652
2022-12,S006,Philadelphia,East,Frappuccino,87,405.77,154,39.9526,-75.1652
2022-12,S006,Philadelphia,East,Refreshers,77,318.46,85,39.9526,-75.1652
2022-12,S006,Philadelphia,East,Bakery,41,218.4,186,39.9526,-75.1652
2022-12,S006,Philadelphia,East,Seasonal,114,534.45,141,39.9526,-75.1652
2022-12,S007,San Antonio,South,Coffee,169,984.77,142,29.4241,-98.4936
2022-12,S007,San Antonio,South,Tea,77,284.74,158,29.4241,-98.4936
2022-12,S007,San Antonio,South,Frappuccino,130,520.66,154,29.4241,-98.4936
2022-12,S007,San Antonio,South,Refreshers,107,618.03,96,29.4241,-98.4936
2022-12,S007,San Antonio,South,Bakery,69,413.91,193,29.4241,-98.4936
2022-12,S007,San Antonio,South,Seasonal,185,645.99,192,29.4241,-98.4936
2022-12,S008,San Diego,West,Coffee,109,550.9,82,32.7157,-117.1611
2022-12,S008,San Diego,West,Tea,53,212.22,86,32.7157,-117.1611
2022-12,S008,San Diego,West,Frappuccino,112,723.66,198,32.7157,-117.1611
2022-12,S008,San Diego,West,Refreshers,73,427.81,139,32.7157,-117.1611
2022-12,S008,San Diego,West,Bakery,51,206.69,117,32.7157,-117.1611
2022-12,S008,San Diego,West,Seasonal,163,934.34,148,32.7157,-117.1611
2022-12,S009,Dallas,South,Coffee,130,839.45,155,32.7767,-96.797
2022-12,S009,Dallas,South,Tea,58,369.84,127,32.7767,-96.797
2022-12,S009,Dallas,South,Frappuccino,110,359.52,181,32.7767,-96.797
2022-12,S009,Dallas,South,Refreshers,76,392.42,139,32.7767,-96.797
2022-12,S009,Dallas,South,Bakery,67,224.05,102,32.7767,-96.797
2022-12,S009,Dallas,South,Seasonal,128,758.95,154,32.7767,-96.797
2022-12,S010,San Jose,West,Coffee,128,431.46,148,37.3382,-121.8863
2022-12,S010,San Jose,West,Tea,70,340.28,83,37.3382,-121.8863
2022-12,S010,San Jose,West,Frappuccino,117,611.92,94,37.3382,-121.8863
2022-12,S010,San Jose,West,Refreshers,97,618.87,183,37.3382,-121.8863
2022-12,S010,San Jose,West,Bakery,51,289.77,118,37.3382,-121.8863
2022-12,S010,San Jose,West,Seasonal,153,879.47,144,37.3382,-121.8863
2023-01,S001,New York,East,Coffee,201,828.8,180,40.7128,-74.006
2023-01,S001,New York,East,Tea,113,527.64,175,40.7128,-74.006
2023-01,S001,New York,East,Frappuccino,175,558.35,195,40.7128,-74.006
2023-01,S001,New York,East,Refreshers,137,509.33,191,40.7128,-74.006
2023-01,S001,New York,East,Bakery,99,339.17,142,40.7128,-74.006
2023-01,S001,New York,East,Seasonal,247,1460.22,127,40.7128,-74.006
2023-01,S002,Los Angeles,West,Coffee,204,895.33,166,34.0522,-118.2437
2023-01,S002,Los Angeles,West,Tea,85,528.48,138,34.0522,-118.2437
2023-01,S002,Los Angeles,West,Frappuccino,153,620.42,93,34.0522,-118.2437
2023-01,S002,Los Angeles,West,Refreshers,124,797.59,137,34.0522,-118.2437
2023-01,S002,Los Angeles,West,Bakery,88,307.76,162,34.0522,-118.2437
2023-01,S002,Los Angeles,West,Seasonal,245,743.44,145,34.0522,-118.2437
2023-01,S003,Chicago,Midwest,Coffee,168,649.51,167,41.8781,-87.6298
2023-01,S003,Chicago,Midwest,Tea,112,501.91,189,41.8781,-87.6298
2023-01,S003,Chicago,Midwest,Frappuccino,157,867.98,186,41.8781,-87.6298
2023-01,S003,Chicago,Midwest,Refreshers,124,522.33,156,41.8781,-87.6298
2023-01,S003,Chicago,Midwest,Bakery,88,549.33,88,41.8781,-87.6298
2023-01,S003,Chicago,Midwest,Seasonal,217,875.45,105,41.8781,-87.6298
2023-01,S004,Houston,South,Coffee,108,455.51,147,29.7604,-95.3698
2023-01,S004,Houston,South,Tea,71,296.2,171,29.7604,-95.3698
2023-01,S004,Houston,South,Frappuccino,101,423.38,186,29.7604,-95.3698
2023-01,S004,Houston,South,Refreshers,97,334.68,152,29.7604,-95.3698
2023-01,S004,Houston,South,Bakery,46,176.66,168,29.7604,-95.3698
2023-01,S004,Houston,South,Seasonal,124,548.8,154,29.7604,-95.3698
2023-01,S005,Phoenix,West,Coffee,121,706.87,158,33.4484,-112.074
2023-01,S005,Phoenix,West,Tea,70,380.75,136,33.4484,-112.074
2023-01,S005,Phoenix,West,Frappuccino,101,651.55,124,33.4484,-112.074
2023-01,S005,Phoenix,West,Refreshers,82,376.4,138,33.4484,-112.074
2023-01,S005,Phoenix,West,Bakery,61,291.21,118,33.4484,-112.074
2023-01,S005,Phoenix,West,Seasonal,143,661.68,106,33.4484,-112.074
2023-01,S006,Philadelphia,East,Coffee,101,568.48,182,39.9526,-75.1652
2023-01,S006,Philadelphia,East,Tea,64,277.66,86,39.9526,-75.1652
2023-01,S006,Philadelphia,East,Frappuccino,82,345.34,101,39.9526,-75.1652
2023-01,S006,Philadelphia,East,Refreshers,67,422.2,121,39.9526,-75.1652
2023-01,S006,Philadelphia,East,Bakery,51,216.88,84,39.9526,-75.1652
2023-01,S006,Philadelphia,East,Seasonal,111,493.01,180,39.9526,-75.1652
2023-01,S007,San Antonio,South,Coffee,154,763.39,144,29.4241,-98.4936
2023-01,S007,San Antonio,South,Tea,98,552.46,188,29.4241,-98.4936
2023-01,S007,San Antonio,South,Frappuccino,117,710.92,188,29.4241,-98.4936
2023-01,S007,San Antonio,South,Refreshers,108,450.43,107,29.4241,-98.4936
2023-01,S007,San Antonio,South,Bakery,61,287.22,139,29.4241,-98.4936
2023-01,S007,San Antonio,South,Seasonal,171,573.66,84,29.4241,-98.4936
2023-01,S008,San Diego,West,Coffee,98,361.39,193,32.7157,-117.1611
2023-01,S008,San Diego,West,Tea,63,305.38,179,32.7157,-117.1611
2023-01,S008,San Diego,West,Frappuccino,108,346.77,175,32.7157,-117.1611
2023-01,S008,San Diego,West,Refreshers,67,314.63,147,32.7157,-117.1611
2023-01,S008,San Diego,West,Bakery,61,320.14,116,32.7157,-117.1611
2023-01,S008,San Diego,West,Seasonal,134,721.25,172,32.7157,-117.1611
2023-01,S009,Dallas,South,Coffee,123,523.98,83,32.7767,-96.797
2023-01,S009,Dallas,South,Tea,81,498.21,169,32.7767,-96.797
2023-01,S009,Dallas,South,Frappuccino,115,520.71,176,32.7767,-96.797
2023-01,S009,Dallas,South,Refreshers,88,531.31,138,32.7767,-96.797
2023-01,S009,Dallas,South,Bakery,50,212.98,166,32.7767,-96.797
2023-01,S009,Dallas,South,Seasonal,174,846.37,178,32.7767,-96.797
2023-01,S010,San Jose,West,Coffee,131,506.38,137,37.3382,-121.8863
2023-01,S010,San Jose,West,Tea,71,217.66,153,37.3382,-121.8863
2023-01,S010,San Jose,West,Frappuccino,118,445.69,141,37.3382,-121.8863
2023-01,S010,San Jose,West,Refreshers,96,377.33,149,37.3382,-121.8863
2023-01,S010,San Jose,West,Bakery,60,288.54,82,37.3382,-121.8863
2023-01,S010,San Jose,West,Seasonal,148,547.48,86,37.3382,-121.8863
2023-02,S001,New York,East,Coffee,227,1027.04,99,40.7128,-74.006
2023-02,S001,New York,East,Tea,124,706.12,183,40.7128,-74.006
2023-02,S001,New York,East,Frappuccino,166,871.4,90,40.7128,-74.006
2023-02,S001,New York,East,Refreshers,140,723.89,194,40.7128,-74.006
2023-02,S001,New York,East,Bakery,97,318.11,82,40.7128,-74.006
2023-02,S001,New York,East,Seasonal,258,962.44,127,40.7128,-74.006
2023-02,S002,Los Angeles,West,Coffee,191,781.18,175,34.0522,-118.2437
2023-02,S002,Los Angeles,West,Tea,109,584.66,122,34.0522,-118.2437
2023-02,S002,Los Angeles,West,Frappuccino,172,789.08,84,34.0522,-118.2437
2023-02,S002,Los Angeles,West,Refreshers,126,499.17,168,34.0522,-118.2437
2023-02,S002,Los Angeles,West,Bakery,60,246.09,188,34.0522,-118.2437
2023-02,S002,Los Angeles,West,Seasonal,228,1186.92,194,34.0522,-118.2437
2023-02,S003,Chicago,Midwest,Coffee,198,1270.37,193,41.8781,-87.6298
2023-02,S003,Chicago,Midwest,Tea,116,493.4,167,41.8781,-87.6298
2023-02,S003,Chicago,Midwest,Frappuccino,151,627.77,139,41.8781,-87.6298
2023-02,S003,Chicago,Midwest,Refreshers,99,461.23,133,41.8781,-87.6298
2023-02,S003,Chicago,Midwest,Bakery,76,381.79,151,41.8781,-87.6298
2023-02,S003,Chicago,Midwest,Seasonal,182,712.07,90,41.8781,-87.6298
2023-02,S004,Houston,South,Coffee,112,527.55,165,29.7604,-95.3698
2023-02,S004,Houston,South,Tea,80,340.69,87,29.7604,-95.3698
2023-02,S004,Houston,South,Frappuccino,77,475.92,150,29.7604,-95.3698
2023-02,S004,Houston,South,Refreshers,72,416.49,116,29.7604,-95.3698
2023-02,S004,Houston,South,Bakery,42,193.33,155,29.7604,-95.3698
2023-02,S004,Houston,South,Seasonal,118,376.09,153,29.7604,-95.3698
2023-02,S005,Phoenix,West,Coffee,134,754.73,185,33.4484,-112.074
2023-02,S005,Phoenix,West,Tea,75,257.36,135,33.4484,-112.074
2023-02,S005,Phoenix,West,Frappuccino,121,617.5,170,33.4484,-112.074
2023-02,S005,Phoenix,West,Refreshers,81,311.35,163,33.4484,-112.074
2023-02,S005,Phoenix,West,Bakery,50,160.57,187,33.4484,-112.074
2023-02,S005,Phoenix,West,Seasonal,157,698.86,91,33.4484,-112.074
2023-02,S006,Philadelphia,East,Coffee,99,441.78,106,39.9526,-75.1652
2023-02,S006,Philadelphia,East,Tea,52,274.35,121,39.9526,-75.1652
2023-02,S006,Philadelphia,East,Frappuccino,73,322.83,197,39.9526,-75.1652
2023-02,S006,Philadelphia,East,Refreshers,67,312.72,133,39.9526,-75.1652
2023-02,S006,Philadelphia,East,Bakery,41,246.99,165,39.9526,-75.1652
2023-02,S006,Philadelphia,East,Seasonal,128,511.73,123,39.9526,-75.1652
2023-02,S007,San Antonio,South,Coffee,147,750.04,149,29.4241,-98.4936
2023-02,S007,San Antonio,South,Tea,86,411.59,92,29.4241,-98.4936
2023-02,S007,San Antonio,South,Frappuccino,126,693.81,166,29.4241,-98.4936
2023-02,S007,San Antonio,South,Refreshers,104,650.08,105,29.4241,-98.4936
2023-02,S007,San Antonio,South,Bakery,68,253.65,194,29.4241,-98.4936
2023-02,S007,San Antonio,South,Seasonal,209,789.45,131,29.4241,-98.4936
2023-02,S008,San Diego,West,Coffee,113,344.35,105,32.7157,-117.1611
2023-02,S008,San Diego,West,Tea,66,293.74,163,32.7157,-117.1611
2023-02,S008,San Diego,West,Frappuccino,92,494.61,108,32.7157,-117.1611
2023-02,S008,San Diego,West,Refreshers,82,274.61,181,32.7157,-117.1611
2023-02,S008,San Diego,West,Bakery,50,184.73,171,32.7157,-117.1611
2023-02,S008,San Diego,West,Seasonal,119,623.78,131,32.7157,-117.1611
2023-02,S009,Dallas,South,Coffee,129,587.95,193,32.7767,-96.797
2023-02,S009,Dallas,South,Tea,70,255.71,122,32.7767,-96.797
2023-02,S009,Dallas,South,Frappuccino,114,707.89,128,32.7767,-96.797
2023-02,S009,Dallas,South,Refreshers,95,376.93,197,32.7767,-96.797
2023-02,S009,Dallas,South,Bakery,64,335.88,175,32.7767,-96.797
2023-02,S009,Dallas,South,Seasonal,150,731.71,181,32.7767,-96.797
2023-02,S010,San Jose,West,Coffee,155,483.32,108,37.3382,-121.8863
2023-02,S010,San Jose,West,Tea,91,534.81,121,37.3382,-121.8863
2023-02,S010,San Jose,West,Frappuccino,131,410.52,184,37.3382,-121.8863
2023-02,S010,San Jose,West,Refreshers,89,323.78,174,37.3382,-121.8863
2023-02,S010,San Jose,West,Bakery,62,212.33,102,37.3382,-121.8863
2023-02,S010,San Jose,West,Seasonal,152,543.52,151,37.3382,-121.8863
2023-03,S001,New York,East,Coffee,219,884.04,151,40.7128,-74.006
2023-03,S001,New York,East,Tea,131,480.56,174,40.7128,-74.006
2023-03,S001,New York,East,Frappuccino,166,585.61,99,40.7128,-74.006
2023-03,S001,New York,East,Refreshers,145,621.01,97,40.7128,-74.006
2023-03,S001,New York,East,Bakery,75,396.0,94,40.7128,-74.006
2023-03,S001,New York,East,Seasonal,250,1155.1,82,40.7128,-74.006
2023-03,S002,Los Angeles,West,Coffee,192,1246.03,164,34.0522,-118.2437
2023-03,S002,Los Angeles,West,Tea,111,659.38,88,34.0522,-118.2437
2023-03,S002,Los Angeles,West,Frappuccino,153,925.57,162,34.0522,-118.2437
2023-03,S002,Los Angeles,West,Refreshers,131,546.49,187,34.0522,-118.2437
2023-03,S002,Los Angeles,West,Bakery,87,564.32,183,34.0522,-118.2437
2023-03,S002,Los Angeles,West,Seasonal,213,1310.73,106,34.0522,-118.2437
2023-03,S003,Chicago,Midwest,Coffee,182,985.82,121,41.8781,-87.6298
2023-03,S003,Chicago,Midwest,Tea,88,279.34,105,41.8781,-87.6298
2023-03,S003,Chicago,Midwest,Frappuccino,164,598.99,100,41.8781,-87.6298
2023-03,S003,Chicago,Midwest,Refreshers,116,601.16,121,41.8781,-87.6298
2023-03,S003,Chicago,Midwest,Bakery,74,348.22,195,41.8781,-87.6298
2023-03,S003,Chicago,Midwest,Seasonal,191,597.12,186,41.8781,-87.6298
2023-03,S004,Houston,South,Coffee,113,732.67,87,29.7604,-95.3698
2023-03,S004,Houston,South,Tea,72,335.66,148,29.7604,-95.3698
2023-03,S004,Houston,South,Frappuccino,103,462.17,140,29.7604,-95.3698
2023-03,S004,Houston,South,Refreshers,82,385.56,193,29.7604,-95.3698
2023-03,S004,Houston,South,Bakery,40,216.73,179,29.7604,-95.3698
2023-03,S004,Houston,South,Seasonal,128,548.69,154,29.7604,-95.3698
2023-03,S005,Phoenix,West,Coffee,122,399.45,198,33.4484,-112.074
2023-03,S005,Phoenix,West,Tea,73,379.09,126,33.4484,-112.074
2023-03,S005,Phoenix,West,Frappuccino,93,577.46,187,33.4484,-112.074
2023-03,S005,Phoenix,West,Refreshers,94,488.43,161,33.4484,-112.074
2023-03,S005,Phoenix,West,Bakery,56,348.38,182,33.4484,-112.074
2023-03,S005,Phoenix,West,Seasonal,144,711.84,159,33.4484,-112.074
2023-03,S006,Philadelphia,East,Coffee,109,656.25,121,39.9526,-75.1652
2023-03,S006,Philadelphia,East,Tea,63,293.59,191,39.9526,-75.1652
2023-03,S006,Philadelphia,East,Frappuccino,81,386.15,87,39.9526,-75.1652
2023-03,S006,Philadelphia,East,Refreshers,68,402.61,174,39.9526,-75.1652
2023-03,S006,Philadelphia,East,Bakery,44,270.85,174,39.9526,-75.1652
2023-03,S006,Philadelphia,East,Seasonal,126,760.17,110,39.9526,-75.1652
2023-03,S007,San Antonio,South,Coffee,164,568.35,89,29.4241,-98.4936
2023-03,S007,San Antonio,South,Tea,92,535.71,171,29.4241,-98.4936
2023-03,S007,San Antonio,South,Frappuccino,128,675.16,183,29.4241,-98.4936
2023-03,S007,San Antonio,South,Refreshers,105,610.27,187,29.4241,-98.4936
2023-03,S007,San Antonio,South,Bakery,72,363.97,183,29.4241,-98.4936
2023-03,S007,San Antonio,South,Seasonal,168,718.68,100,29.4241,-98.4936
2023-03,S008,San Diego,West,Coffee,119,633.09,198,32.7157,-117.1611
2023-03,S008,San Diego,West,Tea,57,197.58,102,32.7157,-117.1611
2023-03,S008,San Diego,West,Frappuccino,99,635.55,198,32.7157,-117.1611
2023-03,S008,San Diego,West,Refreshers,72,388.41,96,32.7157,-117.1611
2023-03,S008,San Diego,West,Bakery,48,182.11,158,32.7157,-117.1611
2023-03,S008,San Diego,West,Seasonal,144,826.86,147,32.7157,-117.1611
2023-03,S009,Dallas,South,Coffee,136,560.4,179,32.7767,-96.797
2023-03,S009,Dallas,South,Tea,78,317.23,164,32.7767,-96.797
2023-03,S009,Dallas,South,Frappuccino,103,593.29,134,32.7767,-96.797
2023-03,S009,Dallas,South,Refreshers,91,292.58,88,32.7767,-96.797
2023-03,S009,Dallas,South,Bakery,40,140.91,172,32.7767,-96.797
2023-03,S009,Dallas,South,Seasonal,139,790.17,104,32.7767,-96.797
2023-03,S010,San Jose,West,Coffee,159,637.05,182,37.3382,-121.8863
2023-03,S010,San Jose,West,Tea,88,471.2,178,37.3382,-121.8863
2023-03,S010,San Jose,West,Frappuccino,122,399.81,171,37.3382,-121.8863
2023-03,S010,San Jose,West,Refreshers,103,467.99,114,37.3382,-121.8863
2023-03,S010,San Jose,West,Bakery,42,206.91,141,37.3382,-121.8863
2023-03,S010,San Jose,West,Seasonal,167,824.22,92,37.3382,-121.8863
2023-04,S001,New York,East,Coffee,210,856.52,164,40.7128,-74.006
2023-04,S001,New York,East,Tea,139,594.48,83,40.7128,-74.006
2023-04,S001,New York,East,Frappuccino,175,989.5,151,40.7128,-74.006
2023-04,S001,New York,East,Refreshers,140,784.04,87,40.7128,-74.006
2023-04,S001,New York,East,Bakery,102,540.05,81,40.7128,-74.006
2023-04,S001,New York,East,Seasonal,250,1212.01,133,40.7128,-74.006
2023-04,S002,Los Angeles,West,Coffee,220,1077.41,80,34.0522,-118.2437
2023-04,S002,Los Angeles,West,Tea,106,606.69,171,34.0522,-118.2437
2023-04,S002,Los Angeles,West,Frappuccino,162,709.34,147,34.0522,-118.2437
2023-04,S002,Los Angeles,West,Refreshers,136,605.01,94,34.0522,-118.2437
2023-04,S002,Los Angeles,West,Bakery,83,416.49,102,34.0522,-118.2437
2023-04,S002,Los Angeles,West,Seasonal,227,784.98,191,34.0522,-118.2437
2023-04,S003,Chicago,Midwest,Coffee,190,1098.95,109,41.8781,-87.6298
2023-04,S003,Chicago,Midwest,Tea,107,406.77,140,41.8781,-87.6298
2023-04,S003,Chicago,Midwest,Frappuccino,144,523.99,169,41.8781,-87.6298
2023-04,S003,Chicago,Midwest,Refreshers,114,502.86,119,41.8781,-87.6298
2023-04,S003,Chicago,Midwest,Bakery,64,300.42,180,41.8781,-87.6298
2023-04,S003,Chicago,Midwest,Seasonal,220,1296.2,117,41.8781,-87.6298
2023-04,S004,Houston,South,Coffee,117,702.4,120,29.7604,-95.3698
2023-04,S004,Houston,South,Tea,54,253.94,142,29.7604,-95.3698
2023-04,S004,Houston,South,Frappuccino,99,603.91,180,29.7604,-95.3698
2023-04,S004,Houston,South,Refreshers,79,406.56,165,29.7604,-95.3698
2023-04,S004,Houston,South,Bakery,49,207.42,119,29.7604,-95.3698
2023-04,S004,Houston,South,Seasonal,122,522.24,195,29.7604,-95.3698
2023-04,S005,Phoenix,West,Coffee,137,755.73,100,33.4484,-112.074
2023-04,S005,Phoenix,West,Tea,75,272.23,126,33.4484,-112.074
2023-04,S005,Phoenix,West,Frappuccino,111,474.81,127,33.4484,-112.074
2023-04,S005,Phoenix,West,Refreshers,74,294.3,119,33.4484,-112.074
2023-04,S005,Phoenix,West,Bakery,47,235.85,193,33.4484,-112.074
2023-04,S005,Phoenix,West,Seasonal,149,926.83,127,33.4484,-112.074
2023-04,S006,Philadelphia,East,Coffee,118,592.7,139,39.9526,-75.1652
2023-04,S006,Philadelphia,East,Tea,53,202.28,172,39.9526,-75.1652
2023-04,S006,Philadelphia,East,Frappuccino,104,668.7,119,39.9526,-75.1652
2023-04,S006,Philadelphia,East,Refreshers,58,288.76,176,39.9526,-75.1652
2023-04,S006,Philadelphia,East,Bakery,41,237.44,127,39.9526,-75.1652
2023-04,S006,Philadelphia,East,Seasonal,111,633.2,188,39.9526,-75.1652
2023-04,S007,San Antonio,South,Coffee,166,822.77,95,29.4241,-98.4936
2023-04,S007,San Antonio,South,Tea,87,297.18,87,29.4241,-98.4936
2023-04,S007,San Antonio,South,Frappuccino,133,467.17,141,29.4241,-98.4936
2023-04,S007,San Antonio,South,Refreshers,109,501.4,135,29.4241,-98.4936
2023-04,S007,San Antonio,South,Bakery,73,254.21,131,29.4241,-98.4936
2023-04,S007,San Antonio,South,Seasonal,194,906.28,197,29.4241,-98.4936
2023-04,S008,San Diego,West,Coffee,126,650.06,155,32.7157,-117.1611
2023-04,S008,San Diego,West,Tea,71,307.3,173,32.7157,-117.1611
2023-04,S008,San Diego,West,Frappuccino,91,559.52,92,32.7157,-117.1611
2023-04,S008,San Diego,West,Refreshers,68,311.95,109,32.7157,-117.1611
2023-04,S008,San Diego,West,Bakery,54,172.8,161,32.7157,-117.1611
2023-04,S008,San Diego,West,Seasonal,128,740.56,102,32.7157,-117.1611
2023-04,S009,Dallas,South,Coffee,142,719.21,138,32.7767,-96.797
2023-04,S009,Dallas,South,Tea,66,415.13,91,32.7767,-96.797
2023-04,S009,Dallas,South,Frappuccino,102,516.47,123,32.7767,-96.797
2023-04,S009,Dallas,South,Refreshers,83,515.83,103,32.7767,-96.797
2023-04,S009,Dallas,South,Bakery,65,245.17,172,32.7767,-96.797
2023-04,S009,Dallas,South,Seasonal,138,628.05,157,32.7767,-96.797
2023-04,S010,San Jose,West,Coffee,121,377.58,153,37.3382,-121.8863
2023-04,S010,San Jose,West,Tea,90,375.83,196,37.3382,-121.8863
2023-04,S010,San Jose,West,Frappuccino,141,618.66,113,37.3382,-121.8863
2023-04,S010,San Jose,West,Refreshers,118,711.17,91,37.3382,-121.8863
2023-04,S010,San Jose,West,Bakery,58,344.82,199,37.3382,-121.8863
2023-04,S010,San Jose,West,Seasonal,155,952.32,114,37.3382,-121.8863
2023-05,S001,New York,East,Coffee,180,610.31,182,40.7128,-74.006
2023-05,S001,New York,East,Tea,129,550.83,189,40.7128,-74.006
2023-05,S001,New York,East,Frappuccino,182,846.81,111,40.7128,-74.006
2023-05,S001,New York,East,Refreshers,131,726.57,187,40.7128,-74.006
2023-05,S001,New York,East,Bakery,88,462.95,121,40.7128,-74.006
2023-05,S001,New York,East,Seasonal,238,1514.04,169,40.7128,-74.006
2023-05,S002,Los Angeles,West,Coffee,196,1119.35,100,34.0522,-118.2437
2023-05,S002,Los Angeles,West,Tea,111,495.31,138,34.0522,-118.2437
2023-05,S002,Los Angeles,West,Frappuccino,184,628.12,127,34.0522,-118.2437
2023-05,S002,Los Angeles,West,Refreshers,135,507.8,80,34.0522,-118.2437
2023-05,S002,Los Angeles,West,Bakery,90,406.42,103,34.0522,-118.2437
2023-05,S002,Los Angeles,West,Seasonal,221,790.59,163,34.0522,-118.2437
2023-05,S003,Chicago,Midwest,Coffee,166,688.63,142,41.8781,-87.6298
2023-05,S003,Chicago,Midwest,Tea,115,498.34,170,41.8781,-87.6298
2023-05,S003,Chicago,Midwest,Frappuccino,164,896.87,147,41.8781,-87.6298
2023-05,S003,Chicago,Midwest,Refreshers,133,404.85,194,41.8781,-87.6298
2023-05,S003,Chicago,Midwest,Bakery,91,364.08,156,41.8781,-87.6298
2023-05,S003,Chicago,Midwest,Seasonal,207,728.95,88,41.8781,-87.6298
2023-05,S004,Houston,South,Coffee,120,463.3,180,29.7604,-95.3698
2023-05,S004,Houston,South,Tea,67,291.96,133,29.7604,-95.3698
2023-05,S004,Houston,South,Frappuccino,120,474.41,160,29.7604,-95.3698
2023-05,S004,Houston,South,Refreshers,67,338.92,157,29.7604,-95.3698
2023-05,S004,Houston,South,Bakery,39,140.66,130,29.7604,-95.3698
2023-05,S004,Houston,South,Seasonal,122,513.48,101,29.7604,-95.3698
2023-05,S005,Phoenix,West,Coffee,128,528.3,82,33.4484,-112.074
2023-05,S005,Phoenix,West,Tea,77,289.71,125,33.4484,-112.074
2023-05,S005,Phoenix,West,Frappuccino,107,499.98,94,33.4484,-112.074
2023-05,S005,Phoenix,West,Refreshers,83,249.62,110,33.4484,-112.074
2023-05,S005,Phoenix,West,Bakery,60,265.23,162,33.4484,-112.074
2023-05,S005,Phoenix,West,Seasonal,145,646.13,152,33.4484,-112.074
2023-05,S006,Philadelphia,East,Coffee,98,335.13,120,39.9526,-75.1652
2023-05,S006,Philadelphia,East,Tea,60,246.08,144,39.9526,-75.1652
2023-05,S006,Philadelphia,East,Frappuccino,76,311.86,156,39.9526,-75.1652
2023-05,S006,Philadelphia,East,Refreshers,62,313.65,160,39.9526,-75.1652
2023-05,S006,Philadelphia,East,Bakery,44,269.76,81,39.9526,-75.1652
2023-05,S006,Philadelphia,East,Seasonal,131,621.02,187,39.9526,-75.1652
2023-05,S007,San Antonio,South,Coffee,157,935.23,166,29.4241,-98.4936
2023-05,S007,San Antonio,South,Tea,82,461.24,95,29.4241,-98.4936
2023-05,S007,San Antonio,South,Frappuccino,127,629.84,91,29.4241,-98.4936
2023-05,S007,San Antonio,South,Refreshers,111,485.44,192,29.4241,-98.4936
2023-05,S007,San Antonio,South,Bakery,71,269.14,145,29.4241,-98.4936
2023-05,S007,San Antonio,South,Seasonal,171,1110.78,94,29.4241,-98.4936
2023-05,S008,San Diego,West,Coffee,112,477.32,188,32.7157,-117.1611
2023-05,S008,San Diego,West,Tea,78,495.01,186,32.7157,-117.1611
2023-05,S008,San Diego,West,Frappuccino,104,662.85,106,32.7157,-117.1611
2023-05,S008,San Diego,West,Refreshers,68,282.06,90,32.7157,-117.1611
2023-05,S008,San Diego,West,Bakery,38,205.6,82,32.7157,-117.1611
2023-05,S008,San Diego,West,Seasonal,125,389.57,193,32.7157,-117.1611
2023-05,S009,Dallas,South,Coffee,139,786.02,108,32.7767,-96.797
2023-05,S009,Dallas,South,Tea,55,220.1,90,32.7767,-96.797
2023-05,S009,Dallas,South,Frappuccino,116,695.98,91,32.7767,-96.797
2023-05,S009,Dallas,South,Refreshers,78,302.66,187,32.7767,-96.797
2023-05,S009,Dallas,South,Bakery,34,151.3,163,32.7767,-96.797
2023-05,S009,Dallas,South,Seasonal,136,760.01,90,32.7767,-96.797
2023-05,S010,San Jose,West,Coffee,127,475.53,156,37.3382,-121.8863
2023-05,S010,San Jose,West,Tea,67,292.36,117,37.3382,-121.8863
2023-05,S010,San Jose,West,Frappuccino,129,566.28,120,37.3382,-121.8863
2023-05,S010,San Jose,West,Refreshers,88,264.15,186,37.3382,-121.8863
2023-05,S010,San Jose,West,Bakery,56,298.97,149,37.3382,-121.8863
2023-05,S010,San Jose,West,Seasonal,179,877.49,85,37.3382,-121.8863
2023-06,S001,New York,East,Coffee,198,845.34,87,40.7128,-74.006
2023-06,S001,New York,East,Tea,135,845.16,81,40.7128,-74.006
2023-06,S001,New York,East,Frappuccino,197,994.73,120,40.7128,-74.006
2023-06,S001,New York,East,Refreshers,126,721.32,154,40.7128,-74.006
2023-06,S001,New York,East,Bakery,98,543.16,89,40.7128,-74.006
2023-06,S001,New York,East,Seasonal,237,1148.24,146,40.7128,-74.006
2023-06,S002,Los Angeles,West,Coffee,203,831.44,134,34.0522,-118.2437
2023-06,S002,Los Angeles,West,Tea,116,451.72,134,34.0522,-118.2437
2023-06,S002,Los Angeles,West,Frappuccino,155,642.05,139,34.0522,-118.2437
2023-06,S002,Los Angeles,West,Refreshers,129,548.48,196,34.0522,-118.2437
2023-06,S002,Los Angeles,West,Bakery,99,325.57,182,34.0522,-118.2437
2023-06,S002,Los Angeles,West,Seasonal,244,1442.48,140,34.0522,-118.2437
2023-06,S003,Chicago,Midwest,Coffee,181,1127.09,142,41.8781,-87.6298
2023-06,S003,Chicago,Midwest,Tea,106,484.61,90,41.8781,-87.6298
2023-06,S003,Chicago,Midwest,Frappuccino,158,974.21,171,41.8781,-87.6298
2023-06,S003,Chicago,Midwest,Refreshers,131,774.45,90,41.8781,-87.6298
2023-06,S003,Chicago,Midwest,Bakery,83,501.64,95,41.8781,-87.6298
2023-06,S003,Chicago,Midwest,Seasonal,225,1357.53,154,41.8781,-87.6298
2023-06,S004,Houston,South,Coffee,118,406.3,108,29.7604,-95.3698
2023-06,S004,Houston,South,Tea,73,350.82,161,29.7604,-95.3698
2023-06,S004,Houston,South,Frappuccino,101,416.45,121,29.7604,-95.3698
2023-06,S004,Houston,South,Refreshers,68,412.78,159,29.7604,-95.3698
2023-06,S004,Houston,South,Bakery,58,290.69,97,29.7604,-95.3698
2023-06,S004,Houston,South,Seasonal,112,569.42,89,29.7604,-95.3698
2023-06,S005,Phoenix,West,Coffee,141,788.59,135,33.4484,-112.074
2023-06,S005,Phoenix,West,Tea,86,484.78,114,33.4484,-112.074
2023-06,S005,Phoenix,West,Frappuccino,106,507.64,145,33.4484,-112.074
2023-06,S005,Phoenix,West,Refreshers,81,502.08,193,33.4484,-112.074
2023-06,S005,Phoenix,West,Bakery,49,182.76,153,33.4484,-112.074
2023-06,S005,Phoenix,West,Seasonal,162,1006.11,144,33.4484,-112.074
2023-06,S006,Philadelphia,East,Coffee,112,515.33,88,39.9526,-75.1652
2023-06,S006,Philadelphia,East,Tea,50,293.69,83,39.9526,-75.1652
2023-06,S006,Philadelphia,East,Frappuccino,91,337.0,157,39.9526,-75.1652
2023-06,S006,Philadelphia,East,Refreshers,66,342.22,83,39.9526,-75.1652
2023-06,S006,Philadelphia,East,Bakery,35,183.14,98,39.9526,-75.1652
2023-06,S006,Philadelphia,East,Seasonal,137,836.45,126,39.9526,-75.1652
2023-06,S007,San Antonio,South,Coffee,148,886.92,125,29.4241,-98.4936
2023-06,S007,San Antonio,South,Tea,89,569.06,174,29.4241,-98.4936
2023-06,S007,San Antonio,South,Frappuccino,107,618.9,153,29.4241,-98.4936
2023-06,S007,San Antonio,South,Refreshers,100,613.64,174,29.4241,-98.4936
2023-06,S007,San Antonio,South,Bakery,68,221.29,119,29.4241,-98.4936
2023-06,S007,San Antonio,South,Seasonal,170,1092.59,157,29.4241,-98.4936
2023-06,S008,San Diego,West,Coffee,120,769.04,118,32.7157,-117.1611
2023-06,S008,San Diego,West,Tea,65,308.12,153,32.7157,-117.1611
2023-06,S008,San Diego,West,Frappuccino,113,613.94,164,32.7157,-117.1611
2023-06,S008,San Diego,West,Refreshers,89,273.7,151,32.7157,-117.1611
2023-06,S008,San Diego,West,Bakery,63,345.78,168,32.7157,-117.1611
2023-06,S008,San Diego,West,Seasonal,135,651.08,187,32.7157,-117.1611
2023-06,S009,Dallas,South,Coffee,110,612.82,97,32.7767,-96.797
2023-06,S009,Dallas,South,Tea,75,456.65,84,32.7767,-96.797
2023-06,S009,Dallas,South,Frappuccino,112,502.0,122,32.7767,-96.797
2023-06,S009,Dallas,South,Refreshers,77,426.63,146,32.7767,-96.797
2023-06,S009,Dallas,South,Bakery,53,276.26,168,32.7767,-96.797
2023-06,S009,Dallas,South,Seasonal,132,480.89,169,32.7767,-96.797
2023-06,S010,San Jose,West,Coffee,129,515.09,125,37.3382,-121.8863
2023-06,S010,San Jose,West,Tea,87,325.76,128,37.3382,-121.8863
2023-06,S010,San Jose,West,Frappuccino,126,804.78,104,37.3382,-121.8863
2023-06,S010,San Jose,West,Refreshers,77,451.67,93,37.3382,-121.8863
2023-06,S010,San Jose,West,Bakery,66,346.13,179,37.3382,-121.8863
2023-06,S010,San Jose,West,Seasonal,159,794.41,187,37.3382,-121.8863
2023-07,S001,New York,East,Coffee,205,743.14,111,40.7128,-74.006
2023-07,S001,New York,East,Tea,124,533.22,82,40.7128,-74.006
2023-07,S001,New York,East,Frappuccino,187,872.22,97,40.7128,-74.006
2023-07,S001,New York,East,Refreshers,124,705.31,95,40.7128,-74.006
2023-07,S001,New York,East,Bakery,85,468.3,136,40.7128,-74.006
2023-07,S001,New York,East,Seasonal,249,891.09,142,40.7128,-74.006
2023-07,S002,Los Angeles,West,Coffee,203,807.73,83,34.0522,-118.2437
2023-07,S002,Los Angeles,West,Tea,132,464.7,179,34.0522,-118.2437
2023-07,S002,Los Angeles,West,Frappuccino,159,695.13,87,34.0522,-118.2437
2023-07,S002,Los Angeles,West,Refreshers,124,438.71,157,34.0522,-118.2437
2023-07,S002,Los Angeles,West,Bakery,90,273.69,131,34.0522,-118.2437
2023-07,S002,Los Angeles,West,Seasonal,238,1285.81,121,34.0522,-118.2437
2023-07,S003,Chicago,Midwest,Coffee,176,1102.42,123,41.8781,-87.6298
2023-07,S003,Chicago,Midwest,Tea,103,401.21,109,41.8781,-87.6298
2023-07,S003,Chicago,Midwest,Frappuccino,143,449.57,140,41.8781,-87.6298
2023-07,S003,Chicago,Midwest,Refreshers,121,375.28,120,41.8781,-87.6298
2023-07,S003,Chicago,Midwest,Bakery,84,408.23,131,41.8781,-87.6298
2023-07,S003,Chicago,Midwest,Seasonal,195,638.13,169,41.8781,-87.6298
2023-07,S004,Houston,South,Coffee,135,822.79,166,29.7604,-95.3698
2023-07,S004,Houston,South,Tea,65,278.9,136,29.7604,-95.3698
2023-07,S004,Houston,South,Frappuccino,96,506.66,82,29.7604,-95.3698
2023-07,S004,Houston,South,Refreshers,66,206.02,129,29.7604,-95.3698
2023-07,S004,Houston,South,Bakery,55,258.0,199,29.7604,-95.3698
2023-07,S004,Houston,South,Seasonal,140,825.97,134,29.7604,-95.3698
2023-07,S005,Phoenix,West,Coffee,135,653.8,157,33.4484,-112.074
2023-07,S005,Phoenix,West,Tea,71,288.65,89,33.4484,-112.074
2023-07,S005,Phoenix,West,Frappuccino,97,433.83,87,33.4484,-112.074
2023-07,S005,Phoenix,West,Refreshers,105,356.88,84,33.4484,-112.074
2023-07,S005,Phoenix,West,Bakery,44,201.07,151,33.4484,-112.074
2023-07,S005,Phoenix,West,Seasonal,155,639.9,118,33.4484,-112.074
2023-07,S006,Philadelphia,East,Coffee,91,409.3,195,39.9526,-75.1652
2023-07,S006,Philadelphia,East,Tea,47,259.46,170,39.9526,-75.1652
2023-07,S006,Philadelphia,East,Frappuccino,79,325.53,199,39.9526,-75.1652
2023-07,S006,Philadelphia,East,Refreshers,69,208.89,90,39.9526,-75.1652
2023-07,S006,Philadelphia,East,Bakery,40,196.06,125,39.9526,-75.1652
2023-07,S006,Philadelphia,East,Seasonal,107,432.24,102,39.9526,-75.1652
2023-07,S007,San Antonio,South,Coffee,140,550.46,120,29.4241,-98.4936
2023-07,S007,San Antonio,South,Tea,89,296.26,146,29.4241,-98.4936
2023-07,S007,San Antonio,South,Frappuccino,127,479.46,158,29.4241,-98.4936
2023-07,S007,San Antonio,South,Refreshers,96,341.08,199,29.4241,-98.4936
2023-07,S007,San Antonio,South,Bakery,57,213.19,109,29.4241,-98.4936
2023-07,S007,San Antonio,South,Seasonal,160,1008.18,138,29.4241,-98.4936
2023-07,S008,San Diego,West,Coffee,111,548.4,175,32.7157,-117.1611
2023-07,S008,San Diego,West,Tea,71,424.25,88,32.7157,-117.1611
2023-07,S008,San Diego,West,Frappuccino,109,472.81,112,32.7157,-117.1611
2023-07,S008,San Diego,West,Refreshers,72,266.82,151,32.7157,-117.1611
2023-07,S008,San Diego,West,Bakery,56,331.17,150,32.7157,-117.1611
2023-07,S008,San Diego,West,Seasonal,123,398.42,181,32.7157,-117.1611
2023-07,S009,Dallas,South,Coffee,136,641.35,137,32.7767,-96.797
2023-07,S009,Dallas,South,Tea,74,457.5,149,32.7767,-96.797
2023-07,S009,Dallas,South,Frappuccino,94,598.54,95,32.7767,-96.797
2023-07,S009,Dallas,South,Refreshers,60,283.54,130,32.7767,-96.797
2023-07,S009,Dallas,South,Bakery,58,247.42,82,32.7767,-96.797
2023-07,S009,Dallas,South,Seasonal,139,612.0,197,32.7767,-96.797
2023-07,S010,San Jose,West,Coffee,123,420.1,88,37.3382,-121.8863
2023-07,S010,San Jose,West,Tea,82,460.75,154,37.3382,-121.8863
2023-07,S010,San Jose,West,Frappuccino,112,707.21,197,37.3382,-121.8863
2023-07,S010,San Jose,West,Refreshers,93,347.53,185,37.3382,-121.8863
2023-07,S010,San Jose,West,Bakery,60,214.2,115,37.3382,-121.8863
2023-07,S010,San Jose,West,Seasonal,148,853.72,152,37.3382,-121.8863
2023-08,S001,New York,East,Coffee,208,674.63,89,40.7128,-74.006
2023-08,S001,New York,East,Tea,115,444.65,108,40.7128,-74.006
2023-08,S001,New York,East,Frappuccino,183,987.15,171,40.7128,-74.006
2023-08,S001,New York,East,Refreshers,133,485.95,197,40.7128,-74.006
2023-08,S001,New York,East,Bakery,80,376.63,126,40.7128,-74.006
2023-08,S001,New York,East,Seasonal,251,891.15,155,40.7128,-74.006
2023-08,S002,Los Angeles,West,Coffee,170,854.39,92,34.0522,-118.2437
2023-08,S002,Los Angeles,West,Tea,117,649.97,168,34.0522,-118.2437
2023-08,S002,Los Angeles,West,Frappuccino,181,660.61,86,34.0522,-118.2437
2023-08,S002,Los Angeles,West,Refreshers,119,658.16,82,34.0522,-118.2437
2023-08,S002,Los Angeles,West,Bakery,66,209.65,163,34.0522,-118.2437
2023-08,S002,Los Angeles,West,Seasonal,224,700.32,109,34.0522,-118.2437
2023-08,S003,Chicago,Midwest,Coffee,187,803.33,115,41.8781,-87.6298
2023-08,S003,Chicago,Midwest,Tea,100,568.24,104,41.8781,-87.6298
2023-08,S003,Chicago,Midwest,Frappuccino,159,1024.39,131,41.8781,-87.6298
2023-08,S003,Chicago,Midwest,Refreshers,109,526.73,145,41.8781,-87.6298
2023-08,S003,Chicago,Midwest,Bakery,72,325.0,82,41.8781,-87.6298
2023-08,S003,Chicago,Midwest,Seasonal,228,1127.98,111,41.8781,-87.6298
2023-08,S004,Houston,South,Coffee,116,740.64,167,29.7604,-95.3698
2023-08,S004,Houston,South,Tea,59,222.47,113,29.7604,-95.3698
2023-08,S004,Houston,South,Frappuccino,80,297.57,138,29.7604,-95.3698
2023-08,S004,Houston,South,Refreshers,63,223.04,152,29.7604,-95.3698
2023-08,S004,Houston,South,Bakery,56,325.16,121,29.7604,-95.3698
2023-08,S004,Houston,South,Seasonal,117,483.63,120,29.7604,-95.3698
2023-08,S005,Phoenix,West,Coffee,164,1059.34,187,33.4484,-112.074
2023-08,S005,Phoenix,West,Tea,70,445.27,116,33.4484,-112.074
2023-08,S005,Phoenix,West,Frappuccino,107,490.33,91,33.4484,-112.074
2023-08,S005,Phoenix,West,Refreshers,71,387.69,110,33.4484,-112.074
2023-08,S005,Phoenix,West,Bakery,72,408.65,157,33.4484,-112.074
2023-08,S005,Phoenix,West,Seasonal,147,854.27,149,33.4484,-112.074
2023-08,S006,Philadelphia,East,Coffee,102,339.32,89,39.9526,-75.1652
2023-08,S006,Philadelphia,East,Tea,66,403.12,194,39.9526,-75.1652
2023-08,S006,Philadelphia,East,Frappuccino,103,409.4,199,39.9526,-75.1652
2023-08,S006,Philadelphia,East,Refreshers,71,351.23,156,39.9526,-75.1652
2023-08,S006,Philadelphia,East,Bakery,57,322.05,128,39.9526,-75.1652
2023-08,S006,Philadelphia,East,Seasonal,133,521.17,189,39.9526,-75.1652
2023-08,S007,San Antonio,South,Coffee,152,981.73,133,29.4241,-98.4936
2023-08,S007,San Antonio,South,Tea,80,409.4,128,29.4241,-98.4936
2023-08,S007,San Antonio,South,Frappuccino,136,690.64,87,29.4241,-98.4936
2023-08,S007,San Antonio,South,Refreshers,116,655.74,86,29.4241,-98.4936
2023-08,S007,San Antonio,South,Bakery,53,220.13,126,29.4241,-98.4936
2023-08,S007,San Antonio,South,Seasonal,170,846.98,83,29.4241,-98.4936
2023-08,S008,San Diego,West,Coffee,107,683.24,175,32.7157,-117.1611
2023-08,S008,San Diego,West,Tea,70,448.27,116,32.7157,-117.1611
2023-08,S008,San Diego,West,Frappuccino,106,399.69,197,32.7157,-117.1611
2023-08,S008,San Diego,West,Refreshers,69,396.16,117,32.7157,-117.1611
2023-08,S008,San Diego,West,Bakery,48,263.83,91,32.7157,-117.1611
2023-08,S008,San Diego,West,Seasonal,111,385.9,192,32.7157,-117.1611
2023-08,S009,Dallas,South,Coffee,138,762.17,179,32.7767,-96.797
2023-08,S009,Dallas,South,Tea,75,443.76,184,32.7767,-96.797
2023-08,S009,Dallas,South,Frappuccino,126,703.35,127,32.7767,-96.797
2023-08,S009,Dallas,South,Refreshers,85,332.44,125,32.7767,-96.797
2023-08,S009,Dallas,South,Bakery,63,354.0,163,32.7767,-96.797
2023-08,S009,Dallas,South,Seasonal,136,646.74,188,32.7767,-96.797
2023-08,S010,San Jose,West,Coffee,150,822.28,167,37.3382,-121.8863
2023-08,S010,San Jose,West,Tea,71,302.38,100,37.3382,-121.8863
2023-08,S010,San Jose,West,Frappuccino,113,611.73,153,37.3382,-121.8863
2023-08,S010,San Jose,West,Refreshers,90,368.4,185,37.3382,-121.8863
2023-08,S010,San Jose,West,Bakery,54,338.34,123,37.3382,-121.8863
2023-08,S010,San Jose,West,Seasonal,166,601.7,158,37.3382,-121.8863
2023-09,S001,New York,East,Coffee,195,1018.76,104,40.7128,-74.006
2023-09,S001,New York,East,Tea,128,535.03,115,40.7128,-74.006
2023-09,S001,New York,East,Frappuccino,171,615.17,112,40.7128,-74.006
2023-09,S001,New York,East,Refreshers,125,413.87,126,40.7128,-74.006
2023-09,S001,New York,East,Bakery,95,596.06,85,40.7128,-74.006
2023-09,S001,New York,East,Seasonal,266,1395.99,83,40.7128,-74.006
2023-09,S002,Los Angeles,West,Coffee,182,866.04,147,34.0522,-118.2437
2023-09,S002,Los Angeles,West,Tea,94,519.06,181,34.0522,-118.2437
2023-09,S002,Los Angeles,West,Frappuccino,159,532.95,107,34.0522,-118.2437
2023-09,S002,Los Angeles,West,Refreshers,137,714.33,173,34.0522,-118.2437
2023-09,S002,Los Angeles,West,Bakery,79,483.8,90,34.0522,-118.2437
2023-09,S002,Los Angeles,West,Seasonal,231,1130.56,166,34.0522,-118.2437
2023-09,S003,Chicago,Midwest,Coffee,209,1205.56,146,41.8781,-87.6298
2023-09,S003,Chicago,Midwest,Tea,99,597.35,121,41.8781,-87.6298
2023-09,S003,Chicago,Midwest,Frappuccino,158,812.17,198,41.8781,-87.6298
2023-09,S003,Chicago,Midwest,Refreshers,111,550.21,131,41.8781,-87.6298
2023-09,S003,Chicago,Midwest,Bakery,80,452.28,89,41.8781,-87.6298
2023-09,S003,Chicago,Midwest,Seasonal,191,641.01,178,41.8781,-87.6298
2023-09,S004,Houston,South,Coffee,106,612.84,172,29.7604,-95.3698
2023-09,S004,Houston,South,Tea,59,292.03,169,29.7604,-95.3698
2023-09,S004,Houston,South,Frappuccino,92,588.87,112,29.7604,-95.3698
2023-09,S004,Houston,South,Refreshers,59,328.43,107,29.7604,-95.3698
2023-09,S004,Houston,South,Bakery,53,206.78,122,29.7604,-95.3698
2023-09,S004,Houston,South,Seasonal,135,646.17,118,29.7604,-95.3698
2023-09,S005,Phoenix,West,Coffee,115,510.95,137,33.4484,-112.074
2023-09,S005,Phoenix,West,Tea,57,269.11,100,33.4484,-112.074
2023-09,S005,Phoenix,West,Frappuccino,103,381.84,85,33.4484,-112.074
2023-09,S005,Phoenix,West,Refreshers,90,527.24,118,33.4484,-112.074
2023-09,S005,Phoenix,West,Bakery,61,215.7,170,33.4484,-112.074
2023-09,S005,Phoenix,West,Seasonal,179,695.53,145,33.4484,-112.074
2023-09,S006,Philadelphia,East,Coffee,104,592.41,184,39.9526,-75.1652
2023-09,S006,Philadelphia,East,Tea,57,236.86,176,39.9526,-75.1652
2023-09,S006,Philadelphia,East,Frappuccino,84,340.32,84,39.9526,-75.1652
2023-09,S006,Philadelphia,East,Refreshers,74,412.84,149,39.9526,-75.1652
2023-09,S006,Philadelphia,East,Bakery,48,237.61,88,39.9526,-75.1652
2023-09,S006,Philadelphia,East,Seasonal,120,778.2,184,39.9526,-75.1652
2023-09,S007,San Antonio,South,Coffee,137,667.2,199,29.4241,-98.4936
2023-09,S007,San Antonio,South,Tea,86,260.9,135,29.4241,-98.4936
2023-09,S007,San Antonio,South,Frappuccino,148,754.24,104,29.4241,-98.4936
2023-09,S007,San Antonio,South,Refreshers,107,531.09,116,29.4241,-98.4936
2023-09,S007,San Antonio,South,Bakery,59,238.68,80,29.4241,-98.4936
2023-09,S007,San Antonio,South,Seasonal,187,1078.88,148,29.4241,-98.4936
2023-09,S008,San Diego,West,Coffee,130,590.4,87,32.7157,-117.1611
2023-09,S008,San Diego,West,Tea,69,445.19,156,32.7157,-117.1611
2023-09,S008,San Diego,West,Frappuccino,104,327.26,168,32.7157,-117.1611
2023-09,S008,San Diego,West,Refreshers,88,479.33,198,32.7157,-117.1611
2023-09,S008,San Diego,West,Bakery,50,252.48,92,32.7157,-117.1611
2023-09,S008,San Diego,West,Seasonal,143,745.86,145,32.7157,-117.1611
2023-09,S009,Dallas,South,Coffee,133,492.52,153,32.7767,-96.797
2023-09,S009,Dallas,South,Tea,63,305.99,154,32.7767,-96.797
2023-09,S009,Dallas,South,Frappuccino,95,419.16,138,32.7767,-96.797
2023-09,S009,Dallas,South,Refreshers,68,315.34,129,32.7767,-96.797
2023-09,S009,Dallas,South,Bakery,53,216.16,80,32.7767,-96.797
2023-09,S009,Dallas,South,Seasonal,142,481.26,105,32.7767,-96.797
2023-09,S010,San Jose,West,Coffee,155,763.59,161,37.3382,-121.8863
2023-09,S010,San Jose,West,Tea,77,481.63,172,37.3382,-121.8863
2023-09,S010,San Jose,West,Frappuccino,129,472.23,196,37.3382,-121.8863
2023-09,S010,San Jose,West,Refreshers,97,589.56,116,37.3382,-121.8863
2023-09,S010,San Jose,West,Bakery,63,218.83,98,37.3382,-121.8863
2023-09,S010,San Jose,West,Seasonal,143,661.8,88,37.3382,-121.8863
2023-10,S001,New York,East,Coffee,204,1306.11,140,40.7128,-74.006
2023-10,S001,New York,East,Tea,100,603.41,104,40.7128,-74.006
2023-10,S001,New York,East,Frappuccino,173,779.56,163,40.7128,-74.006
2023-10,S001,New York,East,Refreshers,126,713.11,174,40.7128,-74.006
2023-10,S001,New York,East,Bakery,90,397.07,162,40.7128,-74.006
2023-10,S001,New York,East,Seasonal,224,1400.89,181,40.7128,-74.006
2023-10,S002,Los Angeles,West,Coffee,229,1025.91,140,34.0522,-118.2437
2023-10,S002,Los Angeles,West,Tea,129,423.07,143,34.0522,-118.2437
2023-10,S002,Los Angeles,West,Frappuccino,156,839.85,119,34.0522,-118.2437
2023-10,S002,Los Angeles,West,Refreshers,147,845.11,177,34.0522,-118.2437
2023-10,S002,Los Angeles,West,Bakery,81,460.65,142,34.0522,-118.2437
2023-10,S002,Los Angeles,West,Seasonal,207,1293.33,88,34.0522,-118.2437
2023-10,S003,Chicago,Midwest,Coffee,192,631.71,163,41.8781,-87.6298
2023-10,S003,Chicago,Midwest,Tea,102,413.2,198,41.8781,-87.6298
2023-10,S003,Chicago,Midwest,Frappuccino,146,750.7,96,41.8781,-87.6298
2023-10,S003,Chicago,Midwest,Refreshers,117,548.7,136,41.8781,-87.6298
2023-10,S003,Chicago,Midwest,Bakery,81,260.43,89,41.8781,-87.6298
2023-10,S003,Chicago,Midwest,Seasonal,206,1030.02,131,41.8781,-87.6298
2023-10,S004,Houston,South,Coffee,110,344.42,163,29.7604,-95.3698
2023-10,S004,Houston,South,Tea,60,265.84,121,29.7604,-95.3698
2023-10,S004,Houston,South,Frappuccino,89,525.05,88,29.7604,-95.3698
2023-10,S004,Houston,South,Refreshers,74,403.96,195,29.7604,-95.3698
2023-10,S004,Houston,South,Bakery,63,246.33,195,29.7604,-95.3698
2023-10,S004,Houston,South,Seasonal,121,736.81,186,29.7604,-95.3698
2023-10,S005,Phoenix,West,Coffee,119,561.19,82,33.4484,-112.074
2023-10,S005,Phoenix,West,Tea,82,331.59,159,33.4484,-112.074
2023-10,S005,Phoenix,West,Frappuccino,107,388.62,87,33.4484,-112.074
2023-10,S005,Phoenix,West,Refreshers,87,421.73,98,33.4484,-112.074
2023-10,S005,Phoenix,West,Bakery,53,322.84,186,33.4484,-112.074
2023-10,S005,Phoenix,West,Seasonal,169,629.8,136,33.4484,-112.074
2023-10,S006,Philadelphia,East,Coffee,106,624.67,114,39.9526,-75.1652
2023-10,S006,Philadelphia,East,Tea,66,353.36,83,39.9526,-75.1652
2023-10,S006,Philadelphia,East,Frappuccino,80,473.21,166,39.9526,-75.1652
2023-10,S006,Philadelphia,East,Refreshers,62,242.47,158,39.9526,-75.1652
2023-10,S006,Philadelphia,East,Bakery,56,187.96,114,39.9526,-75.1652
2023-10,S006,Philadelphia,East,Seasonal,131,667.02,81,39.9526,-75.1652
2023-10,S007,San Antonio,South,Coffee,159,556.27,166,29.4241,-98.4936
2023-10,S007,San Antonio,South,Tea,103,623.71,183,29.4241,-98.4936
2023-10,S007,San Antonio,South,Frappuccino,130,566.07,113,29.4241,-98.4936
2023-10,S007,San Antonio,South,Refreshers,106,685.03,151,29.4241,-98.4936
2023-10,S007,San Antonio,South,Bakery,70,362.49,99,29.4241,-98.4936
2023-10,S007,San Antonio,South,Seasonal,173,1073.83,83,29.4241,-98.4936
2023-10,S008,San Diego,West,Coffee,119,452.69,189,32.7157,-117.1611
2023-10,S008,San Diego,West,Tea,65,347.39,86,32.7157,-117.1611
2023-10,S008,San Diego,West,Frappuccino,90,311.58,138,32.7157,-117.1611
2023-10,S008,San Diego,West,Refreshers,69,320.08,131,32.7157,-117.1611
2023-10,S008,San Diego,West,Bakery,50,257.24,166,32.7157,-117.1611
2023-10,S008,San Diego,West,Seasonal,125,636.04,190,32.7157,-117.1611
2023-10,S009,Dallas,South,Coffee,133,434.19,111,32.7767,-96.797
2023-10,S009,Dallas,South,Tea,65,254.77,166,32.7767,-96.797
2023-10,S009,Dallas,South,Frappuccino,116,697.71,160,32.7767,-96.797
2023-10,S009,Dallas,South,Refreshers,84,350.11,100,32.7767,-96.797
2023-10,S009,Dallas,South,Bakery,47,227.13,179,32.7767,-96.797
2023-10,S009,Dallas,South,Seasonal,155,765.49,105,32.7767,-96.797
2023-10,S010,San Jose,West,Coffee,123,659.66,107,37.3382,-121.8863
2023-10,S010,San Jose,West,Tea,61,331.44,158,37.3382,-121.8863
2023-10,S010,San Jose,West,Frappuccino,138,695.73,107,37.3382,-121.8863
2023-10,S010,San Jose,West,Refreshers,91,508.78,126,37.3382,-121.8863
2023-10,S010,San Jose,West,Bakery,59,264.46,102,37.3382,-121.8863
2023-10,S010,San Jose,West,Seasonal,171,1072.58,117,37.3382,-121.8863
2023-11,S001,New York,East,Coffee,229,1387.02,173,40.7128,-74.006
2023-11,S001,New York,East,Tea,119,608.25,152,40.7128,-74.006
2023-11,S001,New York,East,Frappuccino,182,1001.91,165,40.7128,-74.006
2023-11,S001,New York,East,Refreshers,139,566.98,187,40.7128,-74.006
2023-11,S001,New York,East,Bakery,95,481.39,174,40.7128,-74.006
2023-11,S001,New York,East,Seasonal,241,1495.61,94,40.7128,-74.006
2023-11,S002,Los Angeles,West,Coffee,189,825.42,195,34.0522,-118.2437
2023-11,S002,Los Angeles,West,Tea,103,581.85,155,34.0522,-118.2437
2023-11,S002,Los Angeles,West,Frappuccino,163,614.03,98,34.0522,-118.2437
2023-11,S002,Los Angeles,West,Refreshers,134,417.33,153,34.0522,-118.2437
2023-11,S002,Los Angeles,West,Bakery,60,241.94,111,34.0522,-118.2437
2023-11,S002,Los Angeles,West,Seasonal,223,912.11,126,34.0522,-118.2437
2023-11,S003,Chicago,Midwest,Coffee,186,1006.94,196,41.8781,-87.6298
2023-11,S003,Chicago,Midwest,Tea,108,424.03,190,41.8781,-87.6298
2023-11,S003,Chicago,Midwest,Frappuccino,175,895.93,186,41.8781,-87.6298
2023-11,S003,Chicago,Midwest,Refreshers,114,455.45,172,41.8781,-87.6298
2023-11,S003,Chicago,Midwest,Bakery,80,402.94,185,41.8781,-87.6298
2023-11,S003,Chicago,Midwest,Seasonal,220,1060.76,83,41.8781,-87.6298
2023-11,S004,Houston,South,Coffee,95,537.97,154,29.7604,-95.3698
2023-11,S004,Houston,South,Tea,56,301.65,164,29.7604,-95.3698
2023-11,S004,Houston,South,Frappuccino,108,618.06,107,29.7604,-95.3698
2023-11,S004,Houston,South,Refreshers,70,266.54,147,29.7604,-95.3698
2023-11,S004,Houston,South,Bakery,57,303.71,148,29.7604,-95.3698
2023-11,S004,Houston,South,Seasonal,116,727.99,122,29.7604,-95.3698
2023-11,S005,Phoenix,West,Coffee,154,606.11,109,33.4484,-112.074
2023-11,S005,Phoenix,West,Tea,77,239.12,198,33.4484,-112.074
2023-11,S005,Phoenix,West,Frappuccino,124,662.45,160,33.4484,-112.074
2023-11,S005,Phoenix,West,Refreshers,85,510.89,112,33.4484,-112.074
2023-11,S005,Phoenix,West,Bakery,62,201.59,130,33.4484,-112.074
2023-11,S005,Phoenix,West,Seasonal,155,809.87,116,33.4484,-112.074
2023-11,S006,Philadelphia,East,Coffee,111,696.06,130,39.9526,-75.1652
2023-11,S006,Philadelphia,East,Tea,63,220.93,134,39.9526,-75.1652
2023-11,S006,Philadelphia,East,Frappuccino,85,393.88,183,39.9526,-75.1652
2023-11,S006,Philadelphia,East,Refreshers,63,382.47,169,39.9526,-75.1652
2023-11,S006,Philadelphia,East,Bakery,44,137.64,83,39.9526,-75.1652
2023-11,S006,Philadelphia,East,Seasonal,118,721.35,88,39.9526,-75.1652
2023-11,S007,San Antonio,South,Coffee,158,661.83,121,29.4241,-98.4936
2023-11,S007,San Antonio,South,Tea,98,539.08,139,29.4241,-98.4936
2023-11,S007,San Antonio,South,Frappuccino,135,584.48,156,29.4241,-98.4936
2023-11,S007,San Antonio,South,Refreshers,97,474.74,171,29.4241,-98.4936
2023-11,S007,San Antonio,South,Bakery,66,306.01,158,29.4241,-98.4936
2023-11,S007,San Antonio,South,Seasonal,167,847.33,86,29.4241,-98.4936
2023-11,S008,San Diego,West,Coffee,118,520.87,89,32.7157,-117.1611
2023-11,S008,San Diego,West,Tea,68,261.02,96,32.7157,-117.1611
2023-11,S008,San Diego,West,Frappuccino,84,262.29,109,32.7157,-117.1611
2023-11,S008,San Diego,West,Refreshers,88,478.64,183,32.7157,-117.1611
2023-11,S008,San Diego,West,Bakery,60,355.17,148,32.7157,-117.1611
2023-11,S008,San Diego,West,Seasonal,133,664.0,86,32.7157,-117.1611
2023-11,S009,Dallas,South,Coffee,105,467.39,113,32.7767,-96.797
2023-11,S009,Dallas,South,Tea,64,298.74,179,32.7767,-96.797
2023-11,S009,Dallas,South,Frappuccino,108,352.63,169,32.7767,-96.797
2023-11,S009,Dallas,South,Refreshers,72,261.66,142,32.7767,-96.797
2023-11,S009,Dallas,South,Bakery,53,291.52,145,32.7767,-96.797
2023-11,S009,Dallas,South,Seasonal,175,1125.16,85,32.7767,-96.797
2023-11,S010,San Jose,West,Coffee,160,933.88,165,37.3382,-121.8863
2023-11,S010,San Jose,West,Tea,78,264.35,142,37.3382,-121.8863
2023-11,S010,San Jose,West,Frappuccino,116,384.4,138,37.3382,-121.8863
2023-11,S010,San Jose,West,Refreshers,97,550.59,147,37.3382,-121.8863
2023-11,S010,San Jose,West,Bakery,53,325.96,101,37.3382,-121.8863
2023-11,S010,San Jose,West,Seasonal,155,928.96,180,37.3382,-121.8863
2023-12,S001,New York,East,Coffee,206,1162.04,164,40.7128,-74.006
2023-12,S001,New York,East,Tea,120,366.8,165,40.7128,-74.006
2023-12,S001,New York,East,Frappuccino,179,577.31,185,40.7128,-74.006
2023-12,S001,New York,East,Refreshers,126,790.19,85,40.7128,-74.006
2023-12,S001,New York,East,Bakery,90,465.21,150,40.7128,-74.006
2023-12,S001,New York,East,Seasonal,239,986.18,111,40.7128,-74.006
2023-12,S002,Los Angeles,West,Coffee,201,738.53,91,34.0522,-118.2437
2023-12,S002,Los Angeles,West,Tea,101,525.87,123,34.0522,-118.2437
2023-12,S002,Los Angeles,West,Frappuccino,183,662.11,100,34.0522,-118.2437
2023-12,S002,Los Angeles,West,Refreshers,132,435.83,116,34.0522,-118.2437
2023-12,S002,Los Angeles,West,Bakery,94,436.63,146,34.0522,-118.2437
2023-12,S002,Los Angeles,West,Seasonal,226,949.97,151,34.0522,-118.2437
2023-12,S003,Chicago,Midwest,Coffee,175,686.72,89,41.8781,-87.6298
2023-12,S003,Chicago,Midwest,Tea,108,627.4,125,41.8781,-87.6298
2023-12,S003,Chicago,Midwest,Frappuccino,144,929.11,106,41.8781,-87.6298
2023-12,S003,Chicago,Midwest,Refreshers,113,437.08,139,41.8781,-87.6298
2023-12,S003,Chicago,Midwest,Bakery,74,379.21,84,41.8781,-87.6298
2023-12,S003,Chicago,Midwest,Seasonal,202,1063.4,131,41.8781,-87.6298
2023-12,S004,Houston,South,Coffee,117,704.42,143,29.7604,-95.3698
2023-12,S004,Houston,South,Tea,64,196.95,168,29.7604,-95.3698
2023-12,S004,Houston,South,Frappuccino,108,370.06,93,29.7604,-95.3698
2023-12,S004,Houston,South,Refreshers,69,279.87,112,29.7604,-95.3698
2023-12,S004,Houston,South,Bakery,54,237.54,121,29.7604,-95.3698
2023-12,S004,Houston,South,Seasonal,122,779.8,102,29.7604,-95.3698
2023-12,S005,Phoenix,West,Coffee,124,533.71,118,33.4484,-112.074
2023-12,S005,Phoenix,West,Tea,71,415.61,171,33.4484,-112.074
2023-12,S005,Phoenix,West,Frappuccino,127,706.87,166,33.4484,-112.074
2023-12,S005,Phoenix,West,Refreshers,75,306.48,176,33.4484,-112.074
2023-12,S005,Phoenix,West,Bakery,64,408.64,93,33.4484,-112.074
2023-12,S005,Phoenix,West,Seasonal,149,647.53,188,33.4484,-112.074
2023-12,S006,Philadelphia,East,Coffee,118,419.83,120,39.9526,-75.1652
2023-12,S006,Philadelphia,East,Tea,50,279.44,181,39.9526,-75.1652
2023-12,S006,Philadelphia,East,Frappuccino,82,326.31,183,39.9526,-75.1652
2023-12,S006,Philadelphia,East,Refreshers,73,381.88,113,39.9526,-75.1652
2023-12,S006,Philadelphia,East,Bakery,53,281.52,150,39.9526,-75.1652
2023-12,S006,Philadelphia,East,Seasonal,117,633.56,174,39.9526,-75.1652
2023-12,S007,San Antonio,South,Coffee,155,686.31,108,29.4241,-98.4936
2023-12,S007,San Antonio,South,Tea,104,566.05,164,29.4241,-98.4936
2023-12,S007,San Antonio,South,Frappuccino,136,867.94,147,29.4241,-98.4936
2023-12,S007,San Antonio,South,Refreshers,96,371.87,164,29.4241,-98.4936
2023-12,S007,San Antonio,South,Bakery,77,453.85,188,29.4241,-98.4936
2023-12,S007,San Antonio,South,Seasonal,163,644.28,181,29.4241,-98.4936
2023-12,S008,San Diego,West,Coffee,114,369.49,198,32.7157,-117.1611
2023-12,S008,San Diego,West,Tea,83,451.18,143,32.7157,-117.1611
2023-12,S008,San Diego,West,Frappuccino,84,330.52,114,32.7157,-117.1611
2023-12,S008,San Diego,West,Refreshers,75,299.07,143,32.7157,-117.1611
2023-12,S008,San Diego,West,Bakery,55,176.52,187,32.7157,-117.1611
2023-12,S008,San Diego,West,Seasonal,139,786.88,194,32.7157,-117.1611
2023-12,S009,Dallas,South,Coffee,142,701.47,115,32.7767,-96.797
2023-12,S009,Dallas,South,Tea,84,344.52,127,32.7767,-96.797
2023-12,S009,Dallas,South,Frappuccino,115,427.38,179,32.7767,-96.797
2023-12,S009,Dallas,South,Refreshers,101,527.77,134,32.7767,-96.797
2023-12,S009,Dallas,South,Bakery,47,157.16,152,32.7767,-96.797
2023-12,S009,Dallas,South,Seasonal,150,544.67,159,32.7767,-96.797
2023-12,S010,San Jose,West,Coffee,146,578.54,137,37.3382,-121.8863
2023-12,S010,San Jose,West,Tea,89,476.99,89,37.3382,-121.8863
2023-12,S010,San Jose,West,Frappuccino,114,401.05,105,37.3382,-121.8863
2023-12,S010,San Jose,West,Refreshers,75,450.24,167,37.3382,-121.8863
2023-12,S010,San Jose,West,Bakery,57,318.23,120,37.3382,-121.8863
2023-12,S010,San Jose,West,Seasonal,181,1047.5,181,37.3382,-121.8863
2024-01,S001,New York,East,Coffee,213,832.69,169,40.7128,-74.006
2024-01,S001,New York,East,Tea,128,444.78,100,40.7128,-74.006
2024-01,S001,New York,East,Frappuccino,170,794.56,151,40.7128,-74.006
2024-01,S001,New York,East,Refreshers,150,822.25,140,40.7128,-74.006
2024-01,S001,New York,East,Bakery,104,519.35,191,40.7128,-74.006
2024-01,S001,New York,East,Seasonal,227,1264.75,112,40.7128,-74.006
2024-01,S002,Los Angeles,West,Coffee,201,1099.26,87,34.0522,-118.2437
2024-01,S002,Los Angeles,West,Tea,115,371.31,106,34.0522,-118.2437
2024-01,S002,Los Angeles,West,Frappuccino,172,951.81,131,34.0522,-118.2437
2024-01,S002,Los Angeles,West,Refreshers,123,621.66,101,34.0522,-118.2437
2024-01,S002,Los Angeles,West,Bakery,82,339.65,109,34.0522,-118.2437
2024-01,S002,Los Angeles,West,Seasonal,222,767.19,97,34.0522,-118.2437
2024-01,S003,Chicago,Midwest,Coffee,179,1093.43,116,41.8781,-87.6298
2024-01,S003,Chicago,Midwest,Tea,105,566.44,98,41.8781,-87.6298
2024-01,S003,Chicago,Midwest,Frappuccino,184,695.43,115,41.8781,-87.6298
2024-01,S003,Chicago,Midwest,Refreshers,126,675.81,121,41.8781,-87.6298
2024-01,S003,Chicago,Midwest,Bakery,79,432.34,199,41.8781,-87.6298
2024-01,S003,Chicago,Midwest,Seasonal,202,1308.15,81,41.8781,-87.6298
2024-01,S004,Houston,South,Coffee,113,730.88,88,29.7604,-95.3698
2024-01,S004,Houston,South,Tea,61,253.57,93,29.7604,-95.3698
2024-01,S004,Houston,South,Frappuccino,103,416.46,126,29.7604,-95.3698
2024-01,S004,Houston,South,Refreshers,75,233.97,101,29.7604,-95.3698
2024-01,S004,Houston,South,Bakery,50,172.22,115,29.7604,-95.3698
2024-01,S004,Houston,South,Seasonal,125,626.56,188,29.7604,-95.3698
2024-01,S005,Phoenix,West,Coffee,129,812.39,111,33.4484,-112.074
2024-01,S005,Phoenix,West,Tea,78,358.77,167,33.4484,-112.074
2024-01,S005,Phoenix,West,Frappuccino,117,665.02,89,33.4484,-112.074
2024-01,S005,Phoenix,West,Refreshers,91,343.5,191,33.4484,-112.074
2024-01,S005,Phoenix,West,Bakery,68,229.02,140,33.4484,-112.074
2024-01,S005,Phoenix,West,Seasonal,157,841.12,142,33.4484,-112.074
2024-01,S006,Philadelphia,East,Coffee,106,369.36,85,39.9526,-75.1652
2024-01,S006,Philadelphia,East,Tea,66,408.73,167,39.9526,-75.1652
2024-01,S006,Philadelphia,East,Frappuccino,79,411.22,113,39.9526,-75.1652
2024-01,S006,Philadelphia,East,Refreshers,62,383.77,114,39.9526,-75.1652
2024-01,S006,Philadelphia,East,Bakery,42,207.56,122,39.9526,-75.1652
2024-01,S006,Philadelphia,East,Seasonal,129,611.55,163,39.9526,-75.1652
2024-01,S007,San Antonio,South,Coffee,133,656.06,119,29.4241,-98.4936
2024-01,S007,San Antonio,South,Tea,88,567.07,168,29.4241,-98.4936
2024-01,S007,San Antonio,South,Frappuccino,146,481.86,100,29.4241,-98.4936
2024-01,S007,San Antonio,South,Refreshers,104,648.84,176,29.4241,-98.4936
2024-01,S007,San Antonio,South,Bakery,65,375.38,169,29.4241,-98.4936
2024-01,S007,San Antonio,South,Seasonal,188,596.01,159,29.4241,-98.4936
2024-01,S008,San Diego,West,Coffee,123,714.74,122,32.7157,-117.1611
2024-01,S008,San Diego,West,Tea,62,308.51,146,32.7157,-117.1611
2024-01,S008,San Diego,West,Frappuccino,115,477.53,145,32.7157,-117.1611
2024-01,S008,San Diego,West,Refreshers,75,250.65,160,32.7157,-117.1611
2024-01,S008,San Diego,West,Bakery,48,205.5,125,32.7157,-117.1611
2024-01,S008,San Diego,West,Seasonal,136,530.64,147,32.7157,-117.1611
2024-01,S009,Dallas,South,Coffee,117,610.86,129,32.7767,-96.797
2024-01,S009,Dallas,South,Tea,80,313.84,104,32.7767,-96.797
2024-01,S009,Dallas,South,Frappuccino,88,376.26,82,32.7767,-96.797
2024-01,S009,Dallas,South,Refreshers,65,231.99,99,32.7767,-96.797
2024-01,S009,Dallas,South,Bakery,59,283.11,143,32.7767,-96.797
2024-01,S009,Dallas,South,Seasonal,155,686.7,179,32.7767,-96.797
2024-01,S010,San Jose,West,Coffee,133,747.55,194,37.3382,-121.8863
2024-01,S010,San Jose,West,Tea,80,301.61,190,37.3382,-121.8863
2024-01,S010,San Jose,West,Frappuccino,127,768.93,101,37.3382,-121.8863
2024-01,S010,San Jose,West,Refreshers,78,298.03,147,37.3382,-121.8863
2024-01,S010,San Jose,West,Bakery,55,228.65,165,37.3382,-121.8863
2024-01,S010,San Jose,West,Seasonal,157,993.69,117,37.3382,-121.8863
2024-02,S001,New York,East,Coffee,212,1371.69,180,40.7128,-74.006
2024-02,S001,New York,East,Tea,103,381.01,96,40.7128,-74.006
2024-02,S001,New York,East,Frappuccino,165,905.49,173,40.7128,-74.006
2024-02,S001,New York,East,Refreshers,142,797.81,186,40.7128,-74.006
2024-02,S001,New York,East,Bakery,84,359.49,191,40.7128,-74.006
2024-02,S001,New York,East,Seasonal,242,1345.86,163,40.7128,-74.006
2024-02,S002,Los Angeles,West,Coffee,208,1085.53,88,34.0522,-118.2437
2024-02,S002,Los Angeles,West,Tea,106,661.19,117,34.0522,-118.2437
2024-02,S002,Los Angeles,West,Frappuccino,174,639.64,174,34.0522,-118.2437
2024-02,S002,Los Angeles,West,Refreshers,104,615.63,92,34.0522,-118.2437
2024-02,S002,Los Angeles,West,Bakery,82,256.93,141,34.0522,-118.2437
2024-02,S002,Los Angeles,West,Seasonal,228,821.48,106,34.0522,-118.2437
2024-02,S003,Chicago,Midwest,Coffee,196,683.87,182,41.8781,-87.6298
2024-02,S003,Chicago,Midwest,Tea,101,549.48,159,41.8781,-87.6298
2024-02,S003,Chicago,Midwest,Frappuccino,156,659.89,166,41.8781,-87.6298
2024-02,S003,Chicago,Midwest,Refreshers,100,537.31,169,41.8781,-87.6298
2024-02,S003,Chicago,Midwest,Bakery,61,311.98,90,41.8781,-87.6298
2024-02,S003,Chicago,Midwest,Seasonal,227,1274.12,102,41.8781,-87.6298
2024-02,S004,Houston,South,Coffee,111,660.11,152,29.7604,-95.3698
2024-02,S004,Houston,South,Tea,69,415.9,132,29.7604,-95.3698
2024-02,S004,Houston,South,Frappuccino,99,431.18,138,29.7604,-95.3698
2024-02,S004,Houston,South,Refreshers,57,246.58,181,29.7604,-95.3698
2024-02,S004,Houston,South,Bakery,38,133.69,110,29.7604,-95.3698
2024-02,S004,Houston,South,Seasonal,116,428.34,155,29.7604,-95.3698
2024-02,S005,Phoenix,West,Coffee,122,658.69,109,33.4484,-112.074
2024-02,S005,Phoenix,West,Tea,54,229.65,80,33.4484,-112.074
2024-02,S005,Phoenix,West,Frappuccino,123,754.54,137,33.4484,-112.074
2024-02,S005,Phoenix,West,Refreshers,74,464.52,133,33.4484,-112.074
2024-02,S005,Phoenix,West,Bakery,57,318.48,113,33.4484,-112.074
2024-02,S005,Phoenix,West,Seasonal,143,829.24,129,33.4484,-112.074
2024-02,S006,Philadelphia,East,Coffee,128,470.51,105,39.9526,-75.1652
2024-02,S006,Philadelphia,East,Tea,58,257.77,127,39.9526,-75.1652
2024-02,S006,Philadelphia,East,Frappuccino,101,619.02,90,39.9526,-75.1652
2024-02,S006,Philadelphia,East,Refreshers,68,393.06,99,39.9526,-75.1652
2024-02,S006,Philadelphia,East,Bakery,44,173.05,167,39.9526,-75.1652
2024-02,S006,Philadelphia,East,Seasonal,112,524.91,126,39.9526,-75.1652
2024-02,S007,San Antonio,South,Coffee,149,922.2,115,29.4241,-98.4936
2024-02,S007,San Antonio,South,Tea,88,558.06,168,29.4241,-98.4936
2024-02,S007,San Antonio,South,Frappuccino,134,586.43,91,29.4241,-98.4936
2024-02,S007,San Antonio,South,Refreshers,98,570.6,180,29.4241,-98.4936
2024-02,S007,San Antonio,South,Bakery,74,440.54,164,29.4241,-98.4936
2024-02,S007,San Antonio,South,Seasonal,171,680.08,115,29.4241,-98.4936
2024-02,S008,San Diego,West,Coffee,131,681.57,82,32.7157,-117.1611
2024-02,S008,San Diego,West,Tea,68,364.35,151,32.7157,-117.1611
2024-02,S008,San Diego,West,Frappuccino,111,532.4,85,32.7157,-117.1611
2024-02,S008,San Diego,West,Refreshers,76,262.41,166,32.7157,-117.1611
2024-02,S008,San Diego,West,Bakery,46,244.6,138,32.7157,-117.1611
2024-02,S008,San Diego,West,Seasonal,142,699.74,84,32.7157,-117.1611
2024-02,S009,Dallas,South,Coffee,124,544.46,136,32.7767,-96.797
2024-02,S009,Dallas,South,Tea,75,354.48,133,32.7767,-96.797
2024-02,S009,Dallas,South,Frappuccino,100,560.27,152,32.7767,-96.797
2024-02,S009,Dallas,South,Refreshers,85,260.12,145,32.7767,-96.797
2024-02,S009,Dallas,South,Bakery,50,158.35,136,32.7767,-96.797
2024-02,S009,Dallas,South,Seasonal,136,541.61,162,32.7767,-96.797
2024-02,S010,San Jose,West,Coffee,147,694.73,114,37.3382,-121.8863
2024-02,S010,San Jose,West,Tea,89,513.93,164,37.3382,-121.8863
2024-02,S010,San Jose,West,Frappuccino,138,849.24,173,37.3382,-121.8863
2024-02,S010,San Jose,West,Refreshers,111,392.48,192,37.3382,-121.8863
2024-02,S010,San Jose,West,Bakery,61,228.3,121,37.3382,-121.8863
2024-02,S010,San Jose,West,Seasonal,165,939.58,114,37.3382,-121.8863
2024-03,S001,New York,East,Coffee,213,653.77,175,40.7128,-74.006
2024-03,S001,New York,East,Tea,113,387.74,166,40.7128,-74.006
2024-03,S001,New York,East,Frappuccino,172,728.97,168,40.7128,-74.006
2024-03,S001,New York,East,Refreshers,133,551.96,192,40.7128,-74.006
2024-03,S001,New York,East,Bakery,82,311.73,134,40.7128,-74.006
2024-03,S001,New York,East,Seasonal,248,914.3,137,40.7128,-74.006
2024-03,S002,Los Angeles,West,Coffee,174,765.96,89,34.0522,-118.2437
2024-03,S002,Los Angeles,West,Tea,126,737.53,89,34.0522,-118.2437
2024-03,S002,Los Angeles,West,Frappuccino,161,825.86,172,34.0522,-118.2437
2024-03,S002,Los Angeles,West,Refreshers,120,461.21,178,34.0522,-118.2437
2024-03,S002,Los Angeles,West,Bakery,79,245.83,95,34.0522,-118.2437
2024-03,S002,Los Angeles,West,Seasonal,206,950.17,140,34.0522,-118.2437
2024-03,S003,Chicago,Midwest,Coffee,175,556.6,189,41.8781,-87.6298
2024-03,S003,Chicago,Midwest,Tea,111,577.02,188,41.8781,-87.6298
2024-03,S003,Chicago,Midwest,Frappuccino,168,945.47,173,41.8781,-87.6298
2024-03,S003,Chicago,Midwest,Refreshers,114,526.83,89,41.8781,-87.6298
2024-03,S003,Chicago,Midwest,Bakery,79,447.72,115,41.8781,-87.6298
2024-03,S003,Chicago,Midwest,Seasonal,210,1307.01,109,41.8781,-87.6298
2024-03,S004,Houston,South,Coffee,114,481.2,199,29.7604,-95.3698
2024-03,S004,Houston,South,Tea,56,175.89,94,29.7604,-95.3698
2024-03,S004,Houston,South,Frappuccino,105,644.4,126,29.7604,-95.3698
2024-03,S004,Houston,South,Refreshers,70,351.3,190,29.7604,-95.3698
2024-03,S004,Houston,South,Bakery,48,272.45,151,29.7604,-95.3698
2024-03,S004,Houston,South,Seasonal,135,766.65,144,29.7604,-95.3698
2024-03,S005,Phoenix,West,Coffee,141,482.22,189,33.4484,-112.074
2024-03,S005,Phoenix,West,Tea,75,407.2,170,33.4484,-112.074
2024-03,S005,Phoenix,West,Frappuccino,114,362.39,155,33.4484,-112.074
2024-03,S005,Phoenix,West,Refreshers,83,277.35,80,33.4484,-112.074
2024-03,S005,Phoenix,West,Bakery,59,359.19,141,33.4484,-112.074
2024-03,S005,Phoenix,West,Seasonal,158,547.88,184,33.4484,-112.074
2024-03,S006,Philadelphia,East,Coffee,115,723.42,166,39.9526,-75.1652
2024-03,S006,Philadelphia,East,Tea,50,227.02,150,39.9526,-75.1652
2024-03,S006,Philadelphia,East,Frappuccino,115,513.86,99,39.9526,-75.1652
2024-03,S006,Philadelphia,East,Refreshers,73,432.53,164,39.9526,-75.1652
2024-03,S006,Philadelphia,East,Bakery,44,145.76,126,39.9526,-75.1652
2024-03,S006,Philadelphia,East,Seasonal,118,699.61,145,39.9526,-75.1652
2024-03,S007,San Antonio,South,Coffee,133,834.91,155,29.4241,-98.4936
2024-03,S007,San Antonio,South,Tea,85,490.26,111,29.4241,-98.4936
2024-03,S007,San Antonio,South,Frappuccino,127,767.12,153,29.4241,-98.4936
2024-03,S007,San Antonio,South,Refreshers,103,466.73,88,29.4241,-98.4936
2024-03,S007,San Antonio,South,Bakery,64,210.74,85,29.4241,-98.4936
2024-03,S007,San Antonio,South,Seasonal,170,838.98,107,29.4241,-98.4936
2024-03,S008,San Diego,West,Coffee,126,768.38,157,32.7157,-117.1611
2024-03,S008,San Diego,West,Tea,61,240.22,91,32.7157,-117.1611
2024-03,S008,San Diego,West,Frappuccino,109,526.55,108,32.7157,-117.1611
2024-03,S008,San Diego,West,Refreshers,79,464.24,194,32.7157,-117.1611
2024-03,S008,San Diego,West,Bakery,56,229.74,168,32.7157,-117.1611
2024-03,S008,San Diego,West,Seasonal,136,731.75,103,32.7157,-117.1611
2024-03,S009,Dallas,South,Coffee,116,581.85,195,32.7767,-96.797
2024-03,S009,Dallas,South,Tea,75,306.83,89,32.7767,-96.797
2024-03,S009,Dallas,South,Frappuccino,122,629.64,199,32.7767,-96.797
2024-03,S009,Dallas,South,Refreshers,87,275.58,81,32.7767,-96.797
2024-03,S009,Dallas,South,Bakery,63,288.08,90,32.7767,-96.797
2024-03,S009,Dallas,South,Seasonal,134,466.77,140,32.7767,-96.797
2024-03,S010,San Jose,West,Coffee,126,678.8,101,37.3382,-121.8863
2024-03,S010,San Jose,West,Tea,98,417.85,180,37.3382,-121.8863
2024-03,S010,San Jose,West,Frappuccino,112,432.17,144,37.3382,-121.8863
2024-03,S010,San Jose,West,Refreshers,97,605.65,194,37.3382,-121.8863
2024-03,S010,San Jose,West,Bakery,47,239.56,119,37.3382,-121.8863
2024-03,S010,San Jose,West,Seasonal,149,674.9,183,37.3382,-121.8863
2024-04,S001,New York,East,Coffee,214,1039.11,95,40.7128,-74.006
2024-04,S001,New York,East,Tea,127,764.16,85,40.7128,-74.006
2024-04,S001,New York,East,Frappuccino,175,559.03,176,40.7128,-74.006
2024-04,S001,New York,East,Refreshers,124,430.57,101,40.7128,-74.006
2024-04,S001,New York,East,Bakery,89,342.5,94,40.7128,-74.006
2024-04,S001,New York,East,Seasonal,250,1136.35,167,40.7128,-74.006
2024-04,S002,Los Angeles,West,Coffee,212,1105.36,193,34.0522,-118.2437
2024-04,S002,Los Angeles,West,Tea,105,577.2,159,34.0522,-118.2437
2024-04,S002,Los Angeles,West,Frappuccino,167,517.52,101,34.0522,-118.2437
2024-04,S002,Los Angeles,West,Refreshers,123,739.36,96,34.0522,-118.2437
2024-04,S002,Los Angeles,West,Bakery,88,451.05,91,34.0522,-118.2437
2024-04,S002,Los Angeles,West,Seasonal,212,1048.01,160,34.0522,-118.2437
2024-04,S003,Chicago,Midwest,Coffee,200,1068.72,80,41.8781,-87.6298
2024-04,S003,Chicago,Midwest,Tea,104,407.14,172,41.8781,-87.6298
2024-04,S003,Chicago,Midwest,Frappuccino,167,894.06,99,41.8781,-87.6298
2024-04,S003,Chicago,Midwest,Refreshers,97,383.78,188,41.8781,-87.6298
2024-04,S003,Chicago,Midwest,Bakery,85,501.72,126,41.8781,-87.6298
2024-04,S003,Chicago,Midwest,Seasonal,197,882.68,184,41.8781,-87.6298
2024-04,S004,Houston,South,Coffee,126,599.04,164,29.7604,-95.3698
2024-04,S004,Houston,South,Tea,64,350.86,89,29.7604,-95.3698
2024-04,S004,Houston,South,Frappuccino,104,393.98,178,29.7604,-95.3698
2024-04,S004,Houston,South,Refreshers,70,305.56,183,29.7604,-95.3698
2024-04,S004,Houston,South,Bakery,42,140.6,147,29.7604,-95.3698
2024-04,S004,Houston,South,Seasonal,117,436.62,180,29.7604,-95.3698
2024-04,S005,Phoenix,West,Coffee,147,578.05,133,33.4484,-112.074
2024-04,S005,Phoenix,West,Tea,71,383.17,85,33.4484,-112.074
2024-04,S005,Phoenix,West,Frappuccino,93,286.19,156,33.4484,-112.074
2024-04,S005,Phoenix,West,Refreshers,77,419.4,120,33.4484,-112.074
2024-04,S005,Phoenix,West,Bakery,53,339.49,153,33.4484,-112.074
2024-04,S005,Phoenix,West,Seasonal,160,1021.24,88,33.4484,-112.074
2024-04,S006,Philadelphia,East,Coffee,79,251.57,179,39.9526,-75.1652
2024-04,S006,Philadelphia,East,Tea,57,312.78,96,39.9526,-75.1652
2024-04,S006,Philadelphia,East,Frappuccino,80,342.09,115,39.9526,-75.1652
2024-04,S006,Philadelphia,East,Refreshers,76,279.74,158,39.9526,-75.1652
2024-04,S006,Philadelphia,East,Bakery,46,293.02,119,39.9526,-75.1652
2024-04,S006,Philadelphia,East,Seasonal,156,999.82,140,39.9526,-75.1652
2024-04,S007,San Antonio,South,Coffee,156,854.88,117,29.4241,-98.4936
2024-04,S007,San Antonio,South,Tea,84,544.54,196,29.4241,-98.4936
2024-04,S007,San Antonio,South,Frappuccino,137,704.28,193,29.4241,-98.4936
2024-04,S007,San Antonio,South,Refreshers,87,564.56,95,29.4241,-98.4936
2024-04,S007,San Antonio,South,Bakery,55,313.7,140,29.4241,-98.4936
2024-04,S007,San Antonio,South,Seasonal,172,693.99,90,29.4241,-98.4936
2024-04,S008,San Diego,West,Coffee,143,490.77,164,32.7157,-117.1611
2024-04,S008,San Diego,West,Tea,71,256.93,158,32.7157,-117.1611
2024-04,S008,San Diego,West,Frappuccino,108,620.6,175,32.7157,-117.1611
2024-04,S008,San Diego,West,Refreshers,65,389.42,166,32.7157,-117.1611
2024-04,S008,San Diego,West,Bakery,57,173.35,187,32.7157,-117.1611
2024-04,S008,San Diego,West,Seasonal,154,806.0,110,32.7157,-117.1611
2024-04,S009,Dallas,South,Coffee,131,394.87,85,32.7767,-96.797
2024-04,S009,Dallas,South,Tea,98,374.19,153,32.7767,-96.797
2024-04,S009,Dallas,South,Frappuccino,101,444.36,167,32.7767,-96.797
2024-04,S009,Dallas,South,Refreshers,79,276.94,108,32.7767,-96.797
2024-04,S009,Dallas,South,Bakery,50,226.6,168,32.7767,-96.797
2024-04,S009,Dallas,South,Seasonal,147,581.33,199,32.7767,-96.797
2024-04,S010,San Jose,West,Coffee,118,484.64,123,37.3382,-121.8863
2024-04,S010,San Jose,West,Tea,93,324.95,150,37.3382,-121.8863
2024-04,S010,San Jose,West,Frappuccino,123,429.0,80,37.3382,-121.8863
2024-04,S010,San Jose,West,Refreshers,66,400.66,118,37.3382,-121.8863
2024-04,S010,San Jose,West,Bakery,61,184.78,175,37.3382,-121.8863
2024-04,S010,San Jose,West,Seasonal,172,799.5,134,37.3382,-121.8863
2024-05,S001,New York,East,Coffee,198,868.72,99,40.7128,-74.006
2024-05,S001,New York,East,Tea,128,758.16,91,40.7128,-74.006
2024-05,S001,New York,East,Frappuccino,175,643.94,187,40.7128,-74.006
2024-05,S001,New York,East,Refreshers,125,716.45,125,40.7128,-74.006
2024-05,S001,New York,East,Bakery,95,369.83,175,40.7128,-74.006
2024-05,S001,New York,East,Seasonal,261,1111.15,163,40.7128,-74.006
2024-05,S002,Los Angeles,West,Coffee,188,574.4,105,34.0522,-118.2437
2024-05,S002,Los Angeles,West,Tea,118,505.55,154,34.0522,-118.2437
2024-05,S002,Los Angeles,West,Frappuccino,163,914.56,126,34.0522,-118.2437
2024-05,S002,Los Angeles,West,Refreshers,108,603.08,193,34.0522,-118.2437
2024-05,S002,Los Angeles,West,Bakery,87,506.28,148,34.0522,-118.2437
2024-05,S002,Los Angeles,West,Seasonal,215,854.44,157,34.0522,-118.2437
2024-05,S003,Chicago,Midwest,Coffee,181,902.56,197,41.8781,-87.6298
2024-05,S003,Chicago,Midwest,Tea,97,605.86,96,41.8781,-87.6298
2024-05,S003,Chicago,Midwest,Frappuccino,173,755.84,148,41.8781,-87.6298
2024-05,S003,Chicago,Midwest,Refreshers,91,320.8,124,41.8781,-87.6298
2024-05,S003,Chicago,Midwest,Bakery,66,338.61,89,41.8781,-87.6298
2024-05,S003,Chicago,Midwest,Seasonal,201,878.72,105,41.8781,-87.6298
2024-05,S004,Houston,South,Coffee,119,453.57,163,29.7604,-95.3698
2024-05,S004,Houston,South,Tea,62,194.39,160,29.7604,-95.3698
2024-05,S004,Houston,South,Frappuccino,92,424.2,170,29.7604,-95.3698
2024-05,S004,Houston,South,Refreshers,84,496.01,82,29.7604,-95.3698
2024-05,S004,Houston,South,Bakery,46,184.31,141,29.7604,-95.3698
2024-05,S004,Houston,South,Seasonal,141,751.46,90,29.7604,-95.3698
2024-05,S005,Phoenix,West,Coffee,125,714.3,98,33.4484,-112.074
2024-05,S005,Phoenix,West,Tea,89,548.29,162,33.4484,-112.074
2024-05,S005,Phoenix,West,Frappuccino,111,417.59,142,33.4484,-112.074
2024-05,S005,Phoenix,West,Refreshers,85,449.63,141,33.4484,-112.074
2024-05,S005,Phoenix,West,Bakery,56,253.08,107,33.4484,-112.074
2024-05,S005,Phoenix,West,Seasonal,137,547.79,115,33.4484,-112.074
2024-05,S006,Philadelphia,East,Coffee,89,414.03,176,39.9526,-75.1652
2024-05,S006,Philadelphia,East,Tea,60,209.0,127,39.9526,-75.1652
2024-05,S006,Philadelphia,East,Frappuccino,94,506.5,119,39.9526,-75.1652
2024-05,S006,Philadelphia,East,Refreshers,66,374.09,98,39.9526,-75.1652
2024-05,S006,Philadelphia,East,Bakery,41,245.89,182,39.9526,-75.1652
2024-05,S006,Philadelphia,East,Seasonal,116,699.12,85,39.9526,-75.1652
2024-05,S007,San Antonio,South,Coffee,158,584.84,110,29.4241,-98.4936
2024-05,S007,San Antonio,South,Tea,92,437.05,147,29.4241,-98.4936
2024-05,S007,San Antonio,South,Frappuccino,139,537.07,154,29.4241,-98.4936
2024-05,S007,San Antonio,South,Refreshers,90,496.56,87,29.4241,-98.4936
2024-05,S007,San Antonio,South,Bakery,66,286.92,176,29.4241,-98.4936
2024-05,S007,San Antonio,South,Seasonal,164,758.78,94,29.4241,-98.4936
2024-05,S008,San Diego,West,Coffee,109,554.12,155,32.7157,-117.1611
2024-05,S008,San Diego,West,Tea,85,324.25,176,32.7157,-117.1611
2024-05,S008,San Diego,West,Frappuccino,100,478.0,128,32.7157,-117.1611
2024-05,S008,San Diego,West,Refreshers,82,452.02,115,32.7157,-117.1611
2024-05,S008,San Diego,West,Bakery,66,228.19,100,32.7157,-117.1611
2024-05,S008,San Diego,West,Seasonal,142,505.54,129,32.7157,-117.1611
2024-05,S009,Dallas,South,Coffee,115,690.11,114,32.7767,-96.797
2024-05,S009,Dallas,South,Tea,72,453.62,176,32.7767,-96.797
2024-05,S009,Dallas,South,Frappuccino,119,557.67,139,32.7767,-96.797
2024-05,S009,Dallas,South,Refreshers,88,432.31,97,32.7767,-96.797
2024-05,S009,Dallas,South,Bakery,58,281.74,167,32.7767,-96.797
2024-05,S009,Dallas,South,Seasonal,156,544.61,145,32.7767,-96.797
2024-05,S010,San Jose,West,Coffee,145,684.85,116,37.3382,-121.8863
2024-05,S010,San Jose,West,Tea,78,305.7,170,37.3382,-121.8863
2024-05,S010,San Jose,West,Frappuccino,125,727.12,194,37.3382,-121.8863
2024-05,S010,San Jose,West,Refreshers,86,444.84,160,37.3382,-121.8863
2024-05,S010,San Jose,West,Bakery,57,267.46,91,37.3382,-121.8863
2024-05,S010,San Jose,West,Seasonal,167,775.41,194,37.3382,-121.8863
2024-06,S001,New York,East,Coffee,196,642.61,97,40.7128,-74.006
2024-06,S001,New York,East,Tea,126,629.19,85,40.7128,-74.006
2024-06,S001,New York,East,Frappuccino,176,741.97,155,40.7128,-74.006
2024-06,S001,New York,East,Refreshers,134,759.2,167,40.7128,-74.006
2024-06,S001,New York,East,Bakery,102,599.29,95,40.7128,-74.006
2024-06,S001,New York,East,Seasonal,253,1448.78,163,40.7128,-74.006
2024-06,S002,Los Angeles,West,Coffee,220,1121.5,84,34.0522,-118.2437
2024-06,S002,Los Angeles,West,Tea,101,654.49,81,34.0522,-118.2437
2024-06,S002,Los Angeles,West,Frappuccino,152,575.16,127,34.0522,-118.2437
2024-06,S002,Los Angeles,West,Refreshers,119,745.65,123,34.0522,-118.2437
2024-06,S002,Los Angeles,West,Bakery,93,576.26,163,34.0522,-118.2437
2024-06,S002,Los Angeles,West,Seasonal,238,990.53,127,34.0522,-118.2437
2024-06,S003,Chicago,Midwest,Coffee,158,517.78,198,41.8781,-87.6298
2024-06,S003,Chicago,Midwest,Tea,112,653.01,138,41.8781,-87.6298
2024-06,S003,Chicago,Midwest,Frappuccino,140,566.66,182,41.8781,-87.6298
2024-06,S003,Chicago,Midwest,Refreshers,108,365.03,152,41.8781,-87.6298
2024-06,S003,Chicago,Midwest,Bakery,85,294.32,126,41.8781,-87.6298
2024-06,S003,Chicago,Midwest,Seasonal,207,879.54,121,41.8781,-87.6298
2024-06,S004,Houston,South,Coffee,109,457.98,169,29.7604,-95.3698
2024-06,S004,Houston,South,Tea,55,225.93,120,29.7604,-95.3698
2024-06,S004,Houston,South,Frappuccino,100,446.68,160,29.7604,-95.3698
2024-06,S004,Houston,South,Refreshers,70,333.43,80,29.7604,-95.3698
2024-06,S004,Houston,South,Bakery,48,208.87,87,29.7604,-95.3698
2024-06,S004,Houston,South,Seasonal,124,665.45,115,29.7604,-95.3698
2024-06,S005,Phoenix,West,Coffee,139,765.41,81,33.4484,-112.074
2024-06,S005,Phoenix,West,Tea,77,339.58,109,33.4484,-112.074
2024-06,S005,Phoenix,West,Frappuccino,112,397.05,124,33.4484,-112.074
2024-06,S005,Phoenix,West,Refreshers,77,405.64,142,33.4484,-112.074
2024-06,S005,Phoenix,West,Bakery,54,269.79,120,33.4484,-112.074
2024-06,S005,Phoenix,West,Seasonal,148,784.17,91,33.4484,-112.074
2024-06,S006,Philadelphia,East,Coffee,100,355.08,118,39.9526,-75.1652
2024-06,S006,Philadelphia,East,Tea,64,389.0,127,39.9526,-75.1652
2024-06,S006,Philadelphia,East,Frappuccino,87,339.8,92,39.9526,-75.1652
2024-06,S006,Philadelphia,East,Refreshers,63,220.77,105,39.9526,-75.1652
2024-06,S006,Philadelphia,East,Bakery,51,287.56,152,39.9526,-75.1652
2024-06,S006,Philadelphia,East,Seasonal,110,594.37,139,39.9526,-75.1652
2024-06,S007,San Antonio,South,Coffee,161,797.77,126,29.4241,-98.4936
2024-06,S007,San Antonio,South,Tea,89,409.78,158,29.4241,-98.4936
2024-06,S007,San Antonio,South,Frappuccino,122,505.92,102,29.4241,-98.4936
2024-06,S007,San Antonio,South,Refreshers,88,444.85,119,29.4241,-98.4936
2024-06,S007,San Antonio,South,Bakery,73,335.78,102,29.4241,-98.4936
2024-06,S007,San Antonio,South,Seasonal,203,698.69,124,29.4241,-98.4936
2024-06,S008,San Diego,West,Coffee,113,544.11,193,32.7157,-117.1611
2024-06,S008,San Diego,West,Tea,69,317.38,163,32.7157,-117.1611
2024-06,S008,San Diego,West,Frappuccino,106,610.74,136,32.7157,-117.1611
2024-06,S008,San Diego,West,Refreshers,88,390.06,119,32.7157,-117.1611
2024-06,S008,San Diego,West,Bakery,53,207.69,131,32.7157,-117.1611
2024-06,S008,San Diego,West,Seasonal,139,436.99,106,32.7157,-117.1611
2024-06,S009,Dallas,South,Coffee,104,498.7,159,32.7767,-96.797
2024-06,S009,Dallas,South,Tea,82,342.76,103,32.7767,-96.797
2024-06,S009,Dallas,South,Frappuccino,97,360.7,151,32.7767,-96.797
2024-06,S009,Dallas,South,Refreshers,98,422.89,195,32.7767,-96.797
2024-06,S009,Dallas,South,Bakery,67,312.67,104,32.7767,-96.797
2024-06,S009,Dallas,South,Seasonal,137,574.26,140,32.7767,-96.797
2024-06,S010,San Jose,West,Coffee,148,850.52,164,37.3382,-121.8863
2024-06,S010,San Jose,West,Tea,68,379.26,89,37.3382,-121.8863
2024-06,S010,San Jose,West,Frappuccino,115,540.43,181,37.3382,-121.8863
2024-06,S010,San Jose,West,Refreshers,112,684.2,199,37.3382,-121.8863
2024-06,S010,San Jose,West,Bakery,66,306.89,175,37.3382,-121.8863
2024-06,S010,San Jose,West,Seasonal,130,411.61,192,37.3382,-121.8863
2024-07,S001,New York,East,Coffee,186,1173.88,174,40.7128,-74.006
2024-07,S001,New York,East,Tea,119,441.97,151,40.7128,-74.006
2024-07,S001,New York,East,Frappuccino,189,602.34,115,40.7128,-74.006
2024-07,S001,New York,East,Refreshers,128,426.38,142,40.7128,-74.006
2024-07,S001,New York,East,Bakery,84,433.05,83,40.7128,-74.006
2024-07,S001,New York,East,Seasonal,268,1533.66,129,40.7128,-74.006
2024-07,S002,Los Angeles,West,Coffee,203,966.52,113,34.0522,-118.2437
2024-07,S002,Los Angeles,West,Tea,90,516.98,85,34.0522,-118.2437
2024-07,S002,Los Angeles,West,Frappuccino,158,739.34,119,34.0522,-118.2437
2024-07,S002,Los Angeles,West,Refreshers,114,618.65,144,34.0522,-118.2437
2024-07,S002,Los Angeles,West,Bakery,92,328.37,120,34.0522,-118.2437
2024-07,S002,Los Angeles,West,Seasonal,209,1073.83,102,34.0522,-118.2437
2024-07,S003,Chicago,Midwest,Coffee,175,1109.34,129,41.8781,-87.6298
2024-07,S003,Chicago,Midwest,Tea,95,569.95,133,41.8781,-87.6298
2024-07,S003,Chicago,Midwest,Frappuccino,152,649.75,94,41.8781,-87.6298
2024-07,S003,Chicago,Midwest,Refreshers,121,427.52,110,41.8781,-87.6298
2024-07,S003,Chicago,Midwest,Bakery,89,565.27,182,41.8781,-87.6298
2024-07,S003,Chicago,Midwest,Seasonal,206,1015.91,142,41.8781,-87.6298
2024-07,S004,Houston,South,Coffee,105,633.87,155,29.7604,-95.3698
2024-07,S004,Houston,South,Tea,69,235.52,86,29.7604,-95.3698
2024-07,S004,Houston,South,Frappuccino,91,359.87,162,29.7604,-95.3698
2024-07,S004,Houston,South,Refreshers,71,339.7,181,29.7604,-95.3698
2024-07,S004,Houston,South,Bakery,57,180.96,120,29.7604,-95.3698
2024-07,S004,Houston,South,Seasonal,116,422.8,86,29.7604,-95.3698
2024-07,S005,Phoenix,West,Coffee,136,485.39,129,33.4484,-112.074
2024-07,S005,Phoenix,West,Tea,85,454.22,177,33.4484,-112.074
2024-07,S005,Phoenix,West,Frappuccino,123,478.0,106,33.4484,-112.074
2024-07,S005,Phoenix,West,Refreshers,83,531.62,105,33.4484,-112.074
2024-07,S005,Phoenix,West,Bakery,49,167.86,130,33.4484,-112.074
2024-07,S005,Phoenix,West,Seasonal,133,481.54,180,33.4484,-112.074
2024-07,S006,Philadelphia,East,Coffee,112,665.46,151,39.9526,-75.1652
2024-07,S006,Philadelphia,East,Tea,64,226.19,103,39.9526,-75.1652
2024-07,S006,Philadelphia,East,Frappuccino,95,543.42,121,39.9526,-75.1652
2024-07,S006,Philadelphia,East,Refreshers,55,323.34,169,39.9526,-75.1652
2024-07,S006,Philadelphia,East,Bakery,54,224.53,112,39.9526,-75.1652
2024-07,S006,Philadelphia,East,Seasonal,119,772.86,134,39.9526,-75.1652
2024-07,S007,San Antonio,South,Coffee,162,572.19,191,29.4241,-98.4936
2024-07,S007,San Antonio,South,Tea,86,558.65,98,29.4241,-98.4936
2024-07,S007,San Antonio,South,Frappuccino,111,681.54,171,29.4241,-98.4936
2024-07,S007,San Antonio,South,Refreshers,93,436.2,175,29.4241,-98.4936
2024-07,S007,San Antonio,South,Bakery,76,243.08,195,29.4241,-98.4936
2024-07,S007,San Antonio,South,Seasonal,185,1109.99,196,29.4241,-98.4936
2024-07,S008,San Diego,West,Coffee,121,461.84,197,32.7157,-117.1611
2024-07,S008,San Diego,West,Tea,83,310.48,191,32.7157,-117.1611
2024-07,S008,San Diego,West,Frappuccino,93,360.53,155,32.7157,-117.1611
2024-07,S008,San Diego,West,Refreshers,69,254.52,96,32.7157,-117.1611
2024-07,S008,San Diego,West,Bakery,55,236.25,191,32.7157,-117.1611
2024-07,S008,San Diego,West,Seasonal,132,753.81,159,32.7157,-117.1611
2024-07,S009,Dallas,South,Coffee,127,555.98,138,32.7767,-96.797
2024-07,S009,Dallas,South,Tea,77,385.87,117,32.7767,-96.797
2024-07,S009,Dallas,South,Frappuccino,88,435.67,199,32.7767,-96.797
2024-07,S009,Dallas,South,Refreshers,80,506.65,140,32.7767,-96.797
2024-07,S009,Dallas,South,Bakery,68,256.26,147,32.7767,-96.797
2024-07,S009,Dallas,South,Seasonal,115,523.5,158,32.7767,-96.797
2024-07,S010,San Jose,West,Coffee,145,917.45,144,37.3382,-121.8863
2024-07,S010,San Jose,West,Tea,76,329.74,108,37.3382,-121.8863
2024-07,S010,San Jose,West,Frappuccino,113,442.45,100,37.3382,-121.8863
2024-07,S010,San Jose,West,Refreshers,92,581.64,125,37.3382,-121.8863
2024-07,S010,San Jose,West,Bakery,54,167.92,187,37.3382,-121.8863
2024-07,S010,San Jose,West,Seasonal,178,659.52,186,37.3382,-121.8863
2024-08,S001,New York,East,Coffee,227,1416.07,114,40.7128,-74.006
2024-08,S001,New York,East,Tea,107,654.86,98,40.7128,-74.006
2024-08,S001,New York,East,Frappuccino,182,831.26,121,40.7128,-74.006
2024-08,S001,New York,East,Refreshers,138,866.56,87,40.7128,-74.006
2024-08,S001,New York,East,Bakery,93,527.67,105,40.7128,-74.006
2024-08,S001,New York,East,Seasonal,231,1264.0,121,40.7128,-74.006
2024-08,S002,Los Angeles,West,Coffee,196,1057.59,134,34.0522,-118.2437
2024-08,S002,Los Angeles,West,Tea,119,372.61,175,34.0522,-118.2437
2024-08,S002,Los Angeles,West,Frappuccino,170,807.1,180,34.0522,-118.2437
2024-08,S002,Los Angeles,West,Refreshers,115,693.18,124,34.0522,-118.2437
2024-08,S002,Los Angeles,West,Bakery,87,467.52,178,34.0522,-118.2437
2024-08,S002,Los Angeles,West,Seasonal,240,1207.03,155,34.0522,-118.2437
2024-08,S003,Chicago,Midwest,Coffee,159,822.7,190,41.8781,-87.6298
2024-08,S003,Chicago,Midwest,Tea,128,786.39,94,41.8781,-87.6298
2024-08,S003,Chicago,Midwest,Frappuccino,144,573.52,169,41.8781,-87.6298
2024-08,S003,Chicago,Midwest,Refreshers,123,624.2,175,41.8781,-87.6298
2024-08,S003,Chicago,Midwest,Bakery,90,420.82,137,41.8781,-87.6298
2024-08,S003,Chicago,Midwest,Seasonal,219,1167.09,147,41.8781,-87.6298
2024-08,S004,Houston,South,Coffee,109,505.33,121,29.7604,-95.3698
2024-08,S004,Houston,South,Tea,64,412.49,80,29.7604,-95.3698
2024-08,S004,Houston,South,Frappuccino,91,454.95,86,29.7604,-95.3698
2024-08,S004,Houston,South,Refreshers,61,251.89,179,29.7604,-95.3698
2024-08,S004,Houston,South,Bakery,48,229.7,198,29.7604,-95.3698
2024-08,S004,Houston,South,Seasonal,113,626.62,196,29.7604,-95.3698
2024-08,S005,Phoenix,West,Coffee,136,638.41,166,33.4484,-112.074
2024-08,S005,Phoenix,West,Tea,75,465.68,142,33.4484,-112.074
2024-08,S005,Phoenix,West,Frappuccino,108,358.76,107,33.4484,-112.074
2024-08,S005,Phoenix,West,Refreshers,79,253.63,104,33.4484,-112.074
2024-08,S005,Phoenix,West,Bakery,47,297.7,153,33.4484,-112.074
2024-08,S005,Phoenix,West,Seasonal,143,703.18,181,33.4484,-112.074
2024-08,S006,Philadelphia,East,Coffee,109,482.73,103,39.9526,-75.1652
2024-08,S006,Philadelphia,East,Tea,49,234.54,183,39.9526,-75.1652
2024-08,S006,Philadelphia,East,Frappuccino,100,487.53,108,39.9526,-75.1652
2024-08,S006,Philadelphia,East,Refreshers,59,306.58,161,39.9526,-75.1652
2024-08,S006,Philadelphia,East,Bakery,42,174.22,158,39.9526,-75.1652
2024-08,S006,Philadelphia,East,Seasonal,105,519.11,171,39.9526,-75.1652
2024-08,S007,San Antonio,South,Coffee,153,981.54,188,29.4241,-98.4936
2024-08,S007,San Antonio,South,Tea,85,344.98,158,29.4241,-98.4936
2024-08,S007,San Antonio,South,Frappuccino,124,777.92,91,29.4241,-98.4936
2024-08,S007,San Antonio,South,Refreshers,80,373.37,183,29.4241,-98.4936
2024-08,S007,San Antonio,South,Bakery,67,380.84,140,29.4241,-98.4936
2024-08,S007,San Antonio,South,Seasonal,171,727.3,155,29.4241,-98.4936
2024-08,S008,San Diego,West,Coffee,123,374.03,133,32.7157,-117.1611
2024-08,S008,San Diego,West,Tea,68,278.29,116,32.7157,-117.1611
2024-08,S008,San Diego,West,Frappuccino,93,534.89,129,32.7157,-117.1611
2024-08,S008,San Diego,West,Refreshers,67,290.41,102,32.7157,-117.1611
2024-08,S008,San Diego,West,Bakery,55,246.13,178,32.7157,-117.1611
2024-08,S008,San Diego,West,Seasonal,138,566.8,144,32.7157,-117.1611
2024-08,S009,Dallas,South,Coffee,121,752.43,193,32.7767,-96.797
2024-08,S009,Dallas,South,Tea,64,377.09,164,32.7767,-96.797
2024-08,S009,Dallas,South,Frappuccino,122,763.89,157,32.7767,-96.797
2024-08,S009,Dallas,South,Refreshers,77,266.17,127,32.7767,-96.797
2024-08,S009,Dallas,South,Bakery,59,222.52,197,32.7767,-96.797
2024-08,S009,Dallas,South,Seasonal,153,669.52,144,32.7767,-96.797
2024-08,S010,San Jose,West,Coffee,135,800.93,134,37.3382,-121.8863
2024-08,S010,San Jose,West,Tea,86,524.17,155,37.3382,-121.8863
2024-08,S010,San Jose,West,Frappuccino,140,551.15,115,37.3382,-121.8863
2024-08,S010,San Jose,West,Refreshers,84,423.89,100,37.3382,-121.8863
2024-08,S010,San Jose,West,Bakery,64,396.94,99,37.3382,-121.8863
2024-08,S010,San Jose,West,Seasonal,166,550.01,179,37.3382,-121.8863
2024-09,S001,New York,East,Coffee,209,1243.36,149,40.7128,-74.006
2024-09,S001,New York,East,Tea,136,822.52,91,40.7128,-74.006
2024-09,S001,New York,East,Frappuccino,187,1028.46,154,40.7128,-74.006
2024-09,S001,New York,East,Refreshers,140,731.88,130,40.7128,-74.006
2024-09,S001,New York,East,Bakery,85,417.07,138,40.7128,-74.006
2024-09,S001,New York,East,Seasonal,258,1513.74,148,40.7128,-74.006
2024-09,S002,Los Angeles,West,Coffee,198,1232.33,96,34.0522,-118.2437
2024-09,S002,Los Angeles,West,Tea,109,345.85,134,34.0522,-118.2437
2024-09,S002,Los Angeles,West,Frappuccino,172,800.68,109,34.0522,-118.2437
2024-09,S002,Los Angeles,West,Refreshers,119,387.52,183,34.0522,-118.2437
2024-09,S002,Los Angeles,West,Bakery,98,618.77,108,34.0522,-118.2437
2024-09,S002,Los Angeles,West,Seasonal,239,1153.41,89,34.0522,-118.2437
2024-09,S003,Chicago,Midwest,Coffee,180,692.67,150,41.8781,-87.6298
2024-09,S003,Chicago,Midwest,Tea,87,553.7,91,41.8781,-87.6298
2024-09,S003,Chicago,Midwest,Frappuccino,151,671.26,155,41.8781,-87.6298
2024-09,S003,Chicago,Midwest,Refreshers,102,326.22,157,41.8781,-87.6298
2024-09,S003,Chicago,Midwest,Bakery,78,287.4,136,41.8781,-87.6298
2024-09,S003,Chicago,Midwest,Seasonal,191,836.25,133,41.8781,-87.6298
2024-09,S004,Houston,South,Coffee,125,393.63,86,29.7604,-95.3698
2024-09,S004,Houston,South,Tea,67,409.45,150,29.7604,-95.3698
2024-09,S004,Houston,South,Frappuccino,101,640.86,154,29.7604,-95.3698
2024-09,S004,Houston,South,Refreshers,79,429.17,132,29.7604,-95.3698
2024-09,S004,Houston,South,Bakery,58,234.2,181,29.7604,-95.3698
2024-09,S004,Houston,South,Seasonal,114,343.41,120,29.7604,-95.3698
2024-09,S005,Phoenix,West,Coffee,108,326.29,179,33.4484,-112.074
2024-09,S005,Phoenix,West,Tea,62,299.88,198,33.4484,-112.074
2024-09,S005,Phoenix,West,Frappuccino,124,740.2,111,33.4484,-112.074
2024-09,S005,Phoenix,West,Refreshers,94,476.57,148,33.4484,-112.074
2024-09,S005,Phoenix,West,Bakery,48,215.38,147,33.4484,-112.074
2024-09,S005,Phoenix,West,Seasonal,161,1032.39,87,33.4484,-112.074
2024-09,S006,Philadelphia,East,Coffee,118,404.85,146,39.9526,-75.1652
2024-09,S006,Philadelphia,East,Tea,48,260.98,190,39.9526,-75.1652
2024-09,S006,Philadelphia,East,Frappuccino,80,274.73,100,39.9526,-75.1652
2024-09,S006,Philadelphia,East,Refreshers,67,202.2,166,39.9526,-75.1652
2024-09,S006,Philadelphia,East,Bakery,47,234.83,135,39.9526,-75.1652
2024-09,S006,Philadelphia,East,Seasonal,121,450.11,123,39.9526,-75.1652
2024-09,S007,San Antonio,South,Coffee,169,705.84,148,29.4241,-98.4936
2024-09,S007,San Antonio,South,Tea,107,456.78,87,29.4241,-98.4936
2024-09,S007,San Antonio,South,Frappuccino,132,840.74,145,29.4241,-98.4936
2024-09,S007,San Antonio,South,Refreshers,89,531.52,127,29.4241,-98.4936
2024-09,S007,San Antonio,South,Bakery,66,202.43,130,29.4241,-98.4936
2024-09,S007,San Antonio,South,Seasonal,186,729.21,161,29.4241,-98.4936
2024-09,S008,San Diego,West,Coffee,123,798.33,152,32.7157,-117.1611
2024-09,S008,San Diego,West,Tea,74,472.62,155,32.7157,-117.1611
2024-09,S008,San Diego,West,Frappuccino,109,465.77,187,32.7157,-117.1611
2024-09,S008,San Diego,West,Refreshers,75,251.71,173,32.7157,-117.1611
2024-09,S008,San Diego,West,Bakery,59,359.74,156,32.7157,-117.1611
2024-09,S008,San Diego,West,Seasonal,138,445.39,93,32.7157,-117.1611
2024-09,S009,Dallas,South,Coffee,139,609.24,140,32.7767,-96.797
2024-09,S009,Dallas,South,Tea,80,308.92,167,32.7767,-96.797
2024-09,S009,Dallas,South,Frappuccino,101,647.63,151,32.7767,-96.797
2024-09,S009,Dallas,South,Refreshers,85,382.73,107,32.7767,-96.797
2024-09,S009,Dallas,South,Bakery,52,212.55,81,32.7767,-96.797
2024-09,S009,Dallas,South,Seasonal,146,585.97,178,32.7767,-96.797
2024-09,S010,San Jose,West,Coffee,138,602.05,169,37.3382,-121.8863
2024-09,S010,San Jose,West,Tea,62,213.51,138,37.3382,-121.8863
2024-09,S010,San Jose,West,Frappuccino,104,624.39,112,37.3382,-121.8863
2024-09,S010,San Jose,West,Refreshers,75,330.53,122,37.3382,-121.8863
2024-09,S010,San Jose,West,Bakery,52,304.96,89,37.3382,-121.8863
2024-09,S010,San Jose,West,Seasonal,160,712.22,151,37.3382,-121.8863
2024-10,S001,New York,East,Coffee,188,1171.41,128,40.7128,-74.006
2024-10,S001,New York,East,Tea,138,667.36,89,40.7128,-74.006
2024-10,S001,New York,East,Frappuccino,174,642.04,164,40.7128,-74.006
2024-10,S001,New York,East,Refreshers,133,749.73,120,40.7128,-74.006
2024-10,S001,New York,East,Bakery,119,396.42,158,40.7128,-74.006
2024-10,S001,New York,East,Seasonal,251,864.84,96,40.7128,-74.006
2024-10,S002,Los Angeles,West,Coffee,191,1110.14,94,34.0522,-118.2437
2024-10,S002,Los Angeles,West,Tea,103,612.72,125,34.0522,-118.2437
2024-10,S002,Los Angeles,West,Frappuccino,183,781.17,82,34.0522,-118.2437
2024-10,S002,Los Angeles,West,Refreshers,123,685.9,104,34.0522,-118.2437
2024-10,S002,Los Angeles,West,Bakery,72,441.59,84,34.0522,-118.2437
2024-10,S002,Los Angeles,West,Seasonal,208,1270.43,102,34.0522,-118.2437
2024-10,S003,Chicago,Midwest,Coffee,188,1213.73,170,41.8781,-87.6298
2024-10,S003,Chicago,Midwest,Tea,117,479.57,108,41.8781,-87.6298
2024-10,S003,Chicago,Midwest,Frappuccino,152,840.38,181,41.8781,-87.6298
2024-10,S003,Chicago,Midwest,Refreshers,135,521.35,160,41.8781,-87.6298
2024-10,S003,Chicago,Midwest,Bakery,91,470.15,92,41.8781,-87.6298
2024-10,S003,Chicago,Midwest,Seasonal,217,1274.37,199,41.8781,-87.6298
2024-10,S004,Houston,South,Coffee,115,561.77,163,29.7604,-95.3698
2024-10,S004,Houston,South,Tea,49,283.08,194,29.7604,-95.3698
2024-10,S004,Houston,South,Frappuccino,97,494.24,112,29.7604,-95.3698
2024-10,S004,Houston,South,Refreshers,72,244.46,113,29.7604,-95.3698
2024-10,S004,Houston,South,Bakery,58,184.79,97,29.7604,-95.3698
2024-10,S004,Houston,South,Seasonal,117,730.79,168,29.7604,-95.3698
2024-10,S005,Phoenix,West,Coffee,129,518.9,182,33.4484,-112.074
2024-10,S005,Phoenix,West,Tea,76,322.66,190,33.4484,-112.074
2024-10,S005,Phoenix,West,Frappuccino,108,531.58,180,33.4484,-112.074
2024-10,S005,Phoenix,West,Refreshers,68,247.8,96,33.4484,-112.074
2024-10,S005,Phoenix,West,Bakery,61,240.8,181,33.4484,-112.074
2024-10,S005,Phoenix,West,Seasonal,134,785.05,185,33.4484,-112.074
2024-10,S006,Philadelphia,East,Coffee,108,325.47,168,39.9526,-75.1652
2024-10,S006,Philadelphia,East,Tea,53,270.33,80,39.9526,-75.1652
2024-10,S006,Philadelphia,East,Frappuccino,75,438.97,82,39.9526,-75.1652
2024-10,S006,Philadelphia,East,Refreshers,59,257.53,191,39.9526,-75.1652
2024-10,S006,Philadelphia,East,Bakery,60,197.19,177,39.9526,-75.1652
2024-10,S006,Philadelphia,East,Seasonal,101,341.05,115,39.9526,-75.1652
2024-10,S007,San Antonio,South,Coffee,128,444.6,125,29.4241,-98.4936
2024-10,S007,San Antonio,South,Tea,104,356.33,117,29.4241,-98.4936
2024-10,S007,San Antonio,South,Frappuccino,140,652.78,125,29.4241,-98.4936
2024-10,S007,San Antonio,South,Refreshers,98,620.1,159,29.4241,-98.4936
2024-10,S007,San Antonio,South,Bakery,69,246.79,89,29.4241,-98.4936
2024-10,S007,San Antonio,South,Seasonal,198,1187.07,165,29.4241,-98.4936
2024-10,S008,San Diego,West,Coffee,143,624.26,164,32.7157,-117.1611
2024-10,S008,San Diego,West,Tea,81,455.83,135,32.7157,-117.1611
2024-10,S008,San Diego,West,Frappuccino,97,332.59,161,32.7157,-117.1611
2024-10,S008,San Diego,West,Refreshers,82,525.49,142,32.7157,-117.1611
2024-10,S008,San Diego,West,Bakery,57,367.14,129,32.7157,-117.1611
2024-10,S008,San Diego,West,Seasonal,163,724.77,154,32.7157,-117.1611
2024-10,S009,Dallas,South,Coffee,143,842.63,152,32.7767,-96.797
2024-10,S009,Dallas,South,Tea,75,365.02,167,32.7767,-96.797
2024-10,S009,Dallas,South,Frappuccino,106,464.85,89,32.7767,-96.797
2024-10,S009,Dallas,South,Refreshers,75,385.04,147,32.7767,-96.797
2024-10,S009,Dallas,South,Bakery,51,207.45,196,32.7767,-96.797
2024-10,S009,Dallas,South,Seasonal,125,730.53,183,32.7767,-96.797
2024-10,S010,San Jose,West,Coffee,137,607.01,172,37.3382,-121.8863
2024-10,S010,San Jose,West,Tea,74,263.14,190,37.3382,-121.8863
2024-10,S010,San Jose,West,Frappuccino,102,613.02,190,37.3382,-121.8863
2024-10,S010,San Jose,West,Refreshers,89,318.8,159,37.3382,-121.8863
2024-10,S010,San Jose,West,Bakery,54,211.15,84,37.3382,-121.8863
2024-10,S010,San Jose,West,Seasonal,156,883.21,83,37.3382,-121.8863
2024-11,S001,New York,East,Coffee,199,1179.34,160,40.7128,-74.006
2024-11,S001,New York,East,Tea,103,491.7,109,40.7128,-74.006
2024-11,S001,New York,East,Frappuccino,191,672.91,110,40.7128,-74.006
2024-11,S001,New York,East,Refreshers,120,603.52,94,40.7128,-74.006
2024-11,S001,New York,East,Bakery,89,335.88,131,40.7128,-74.006
2024-11,S001,New York,East,Seasonal,266,989.48,131,40.7128,-74.006
2024-11,S002,Los Angeles,West,Coffee,185,642.28,172,34.0522,-118.2437
2024-11,S002,Los Angeles,West,Tea,115,365.06,87,34.0522,-118.2437
2024-11,S002,Los Angeles,West,Frappuccino,171,736.7,190,34.0522,-118.2437
2024-11,S002,Los Angeles,West,Refreshers,144,659.01,177,34.0522,-118.2437
2024-11,S002,Los Angeles,West,Bakery,101,338.1,175,34.0522,-118.2437
2024-11,S002,Los Angeles,West,Seasonal,235,1104.81,92,34.0522,-118.2437
2024-11,S003,Chicago,Midwest,Coffee,165,1045.58,197,41.8781,-87.6298
2024-11,S003,Chicago,Midwest,Tea,96,498.56,161,41.8781,-87.6298
2024-11,S003,Chicago,Midwest,Frappuccino,152,947.28,187,41.8781,-87.6298
2024-11,S003,Chicago,Midwest,Refreshers,113,350.39,167,41.8781,-87.6298
2024-11,S003,Chicago,Midwest,Bakery,84,382.93,106,41.8781,-87.6298
2024-11,S003,Chicago,Midwest,Seasonal,176,723.11,142,41.8781,-87.6298
2024-11,S004,Houston,South,Coffee,101,534.69,180,29.7604,-95.3698
2024-11,S004,Houston,South,Tea,57,279.29,138,29.7604,-95.3698
2024-11,S004,Houston,South,Frappuccino,107,600.0,167,29.7604,-95.3698
2024-11,S004,Houston,South,Refreshers,80,513.59,187,29.7604,-95.3698
2024-11,S004,Houston,South,Bakery,54,264.55,158,29.7604,-95.3698
2024-11,S004,Houston,South,Seasonal,126,475.11,198,29.7604,-95.3698
2024-11,S005,Phoenix,West,Coffee,133,787.32,136,33.4484,-112.074
2024-11,S005,Phoenix,West,Tea,65,265.53,111,33.4484,-112.074
2024-11,S005,Phoenix,West,Frappuccino,113,722.99,108,33.4484,-112.074
2024-11,S005,Phoenix,West,Refreshers,70,420.47,169,33.4484,-112.074
2024-11,S005,Phoenix,West,Bakery,62,210.08,124,33.4484,-112.074
2024-11,S005,Phoenix,West,Seasonal,151,902.07,191,33.4484,-112.074
2024-11,S006,Philadelphia,East,Coffee,100,550.43,164,39.9526,-75.1652
2024-11,S006,Philadelphia,East,Tea,68,335.64,136,39.9526,-75.1652
2024-11,S006,Philadelphia,East,Frappuccino,81,445.04,133,39.9526,-75.1652
2024-11,S006,Philadelphia,East,Refreshers,56,322.59,149,39.9526,-75.1652
2024-11,S006,Philadelphia,East,Bakery,50,234.17,188,39.9526,-75.1652
2024-11,S006,Philadelphia,East,Seasonal,147,470.22,145,39.9526,-75.1652
2024-11,S007,San Antonio,South,Coffee,166,1065.13,86,29.4241,-98.4936
2024-11,S007,San Antonio,South,Tea,73,304.82,119,29.4241,-98.4936
2024-11,S007,San Antonio,South,Frappuccino,135,637.06,109,29.4241,-98.4936
2024-11,S007,San Antonio,South,Refreshers,97,368.89,186,29.4241,-98.4936
2024-11,S007,San Antonio,South,Bakery,79,474.76,194,29.4241,-98.4936
2024-11,S007,San Antonio,South,Seasonal,169,1001.86,95,29.4241,-98.4936
2024-11,S008,San Diego,West,Coffee,114,417.33,158,32.7157,-117.1611
2024-11,S008,San Diego,West,Tea,53,232.8,102,32.7157,-117.1611
2024-11,S008,San Diego,West,Frappuccino,77,323.38,118,32.7157,-117.1611
2024-11,S008,San Diego,West,Refreshers,70,345.66,198,32.7157,-117.1611
2024-11,S008,San Diego,West,Bakery,48,165.15,87,32.7157,-117.1611
2024-11,S008,San Diego,West,Seasonal,113,400.45,112,32.7157,-117.1611
2024-11,S009,Dallas,South,Coffee,119,669.86,181,32.7767,-96.797
2024-11,S009,Dallas,South,Tea,70,293.29,121,32.7767,-96.797
2024-11,S009,Dallas,South,Frappuccino,106,478.2,195,32.7767,-96.797
2024-11,S009,Dallas,South,Refreshers,73,352.09,106,32.7767,-96.797
2024-11,S009,Dallas,South,Bakery,60,342.32,135,32.7767,-96.797
2024-11,S009,Dallas,South,Seasonal,158,1021.3,87,32.7767,-96.797
2024-11,S010,San Jose,West,Coffee,138,531.62,121,37.3382,-121.8863
2024-11,S010,San Jose,West,Tea,72,292.58,114,37.3382,-121.8863
2024-11,S010,San Jose,West,Frappuccino,121,541.59,188,37.3382,-121.8863
2024-11,S010,San Jose,West,Refreshers,76,328.69,128,37.3382,-121.8863
2024-11,S010,San Jose,West,Bakery,45,284.74,187,37.3382,-121.8863
2024-11,S010,San Jose,West,Seasonal,168,964.13,184,37.3382,-121.8863
2024-12,S001,New York,East,Coffee,220,1423.24,86,40.7128,-74.006
2024-12,S001,New York,East,Tea,131,515.66,113,40.7128,-74.006
2024-12,S001,New York,East,Frappuccino,171,769.21,137,40.7128,-74.006
2024-12,S001,New York,East,Refreshers,140,464.34,82,40.7128,-74.006
2024-12,S001,New York,East,Bakery,97,420.02,194,40.7128,-74.006
2024-12,S001,New York,East,Seasonal,225,1317.35,167,40.7128,-74.006
2024-12,S002,Los Angeles,West,Coffee,187,919.54,151,34.0522,-118.2437
2024-12,S002,Los Angeles,West,Tea,82,383.69,104,34.0522,-118.2437
2024-12,S002,Los Angeles,West,Frappuccino,158,907.81,160,34.0522,-118.2437
2024-12,S002,Los Angeles,West,Refreshers,107,543.63,82,34.0522,-118.2437
2024-12,S002,Los Angeles,West,Bakery,80,410.78,82,34.0522,-118.2437
2024-12,S002,Los Angeles,West,Seasonal,202,978.03,121,34.0522,-118.2437
2024-12,S003,Chicago,Midwest,Coffee,200,1099.47,93,41.8781,-87.6298
2024-12,S003,Chicago,Midwest,Tea,102,580.5,161,41.8781,-87.6298
2024-12,S003,Chicago,Midwest,Frappuccino,150,910.77,180,41.8781,-87.6298
2024-12,S003,Chicago,Midwest,Refreshers,105,493.56,106,41.8781,-87.6298
2024-12,S003,Chicago,Midwest,Bakery,67,434.17,107,41.8781,-87.6298
2024-12,S003,Chicago,Midwest,Seasonal,200,861.64,143,41.8781,-87.6298
2024-12,S004,Houston,South,Coffee,139,530.08,99,29.7604,-95.3698
2024-12,S004,Houston,South,Tea,54,274.43,162,29.7604,-95.3698
2024-12,S004,Houston,South,Frappuccino,102,372.99,122,29.7604,-95.3698
2024-12,S004,Houston,South,Refreshers,70,279.07,111,29.7604,-95.3698
2024-12,S004,Houston,South,Bakery,61,315.96,102,29.7604,-95.3698
2024-12,S004,Houston,South,Seasonal,115,674.89,177,29.7604,-95.3698
2024-12,S005,Phoenix,West,Coffee,135,724.5,86,33.4484,-112.074
2024-12,S005,Phoenix,West,Tea,74,467.92,193,33.4484,-112.074
2024-12,S005,Phoenix,West,Frappuccino,117,465.36,96,33.4484,-112.074
2024-12,S005,Phoenix,West,Refreshers,88,479.36,187,33.4484,-112.074
2024-12,S005,Phoenix,West,Bakery,64,240.38,90,33.4484,-112.074
2024-12,S005,Phoenix,West,Seasonal,164,553.24,192,33.4484,-112.074
2024-12,S006,Philadelphia,East,Coffee,95,574.61,167,39.9526,-75.1652
2024-12,S006,Philadelphia,East,Tea,67,245.17,90,39.9526,-75.1652
2024-12,S006,Philadelphia,East,Frappuccino,79,255.74,132,39.9526,-75.1652
2024-12,S006,Philadelphia,East,Refreshers,69,328.25,106,39.9526,-75.1652
2024-12,S006,Philadelphia,East,Bakery,50,214.45,87,39.9526,-75.1652
2024-12,S006,Philadelphia,East,Seasonal,118,723.71,194,39.9526,-75.1652
2024-12,S007,San Antonio,South,Coffee,172,533.93,197,29.4241,-98.4936
2024-12,S007,San Antonio,South,Tea,94,537.55,93,29.4241,-98.4936
2024-12,S007,San Antonio,South,Frappuccino,126,518.21,97,29.4241,-98.4936
2024-12,S007,San Antonio,South,Refreshers,98,383.42,85,29.4241,-98.4936
2024-12,S007,San Antonio,South,Bakery,73,308.27,177,29.4241,-98.4936
2024-12,S007,San Antonio,South,Seasonal,186,636.81,80,29.4241,-98.4936
2024-12,S008,San Diego,West,Coffee,132,606.36,170,32.7157,-117.1611
2024-12,S008,San Diego,West,Tea,75,232.42,82,32.7157,-117.1611
2024-12,S008,San Diego,West,Frappuccino,105,461.16,188,32.7157,-117.1611
2024-12,S008,San Diego,West,Refreshers,70,249.04,152,32.7157,-117.1611
2024-12,S008,San Diego,West,Bakery,53,225.82,175,32.7157,-117.1611
2024-12,S008,San Diego,West,Seasonal,124,786.79,199,32.7157,-117.1611
2024-12,S009,Dallas,South,Coffee,129,455.58,98,32.7767,-96.797
2024-12,S009,Dallas,South,Tea,79,417.0,134,32.7767,-96.797
2024-12,S009,Dallas,South,Frappuccino,105,544.57,143,32.7767,-96.797
2024-12,S009,Dallas,South,Refreshers,88,518.41,168,32.7767,-96.797
2024-12,S009,Dallas,South,Bakery,62,309.05,94,32.7767,-96.797
2024-12,S009,Dallas,South,Seasonal,147,576.73,148,32.7767,-96.797
2024-12,S010,San Jose,West,Coffee,151,465.47,129,37.3382,-121.8863
2024-12,S010,San Jose,West,Tea,67,347.13,169,37.3382,-121.8863
2024-12,S010,San Jose,West,Frappuccino,115,373.15,188,37.3382,-121.8863
2024-12,S010,San Jose,West,Refreshers,75,477.73,186,37.3382,-121.8863
2024-12,S010,San Jose,West,Bakery,59,266.35,98,37.3382,-121.8863
2024-12,S010,San Jose,West,Seasonal,128,469.44,106,37.3382,-121.8863
2025-01,S001,New York,East,Coffee,215,822.96,112,40.7128,-74.006
2025-01,S001,New York,East,Tea,116,528.96,121,40.7128,-74.006
2025-01,S001,New York,East,Frappuccino,191,659.63,130,40.7128,-74.006
2025-01,S001,New York,East,Refreshers,155,721.54,109,40.7128,-74.006
2025-01,S001,New York,East,Bakery,86,277.49,84,40.7128,-74.006
2025-01,S001,New York,East,Seasonal,242,1432.51,145,40.7128,-74.006
2025-01,S002,Los Angeles,West,Coffee,173,814.46,120,34.0522,-118.2437
2025-01,S002,Los Angeles,West,Tea,134,723.84,114,34.0522,-118.2437
2025-01,S002,Los Angeles,West,Frappuccino,163,859.5,182,34.0522,-118.2437
2025-01,S002,Los Angeles,West,Refreshers,131,440.18,142,34.0522,-118.2437
2025-01,S002,Los Angeles,West,Bakery,75,272.82,103,34.0522,-118.2437
2025-01,S002,Los Angeles,West,Seasonal,224,827.59,115,34.0522,-118.2437
2025-01,S003,Chicago,Midwest,Coffee,173,978.04,124,41.8781,-87.6298
2025-01,S003,Chicago,Midwest,Tea,120,770.88,137,41.8781,-87.6298
2025-01,S003,Chicago,Midwest,Frappuccino,152,781.83,88,41.8781,-87.6298
2025-01,S003,Chicago,Midwest,Refreshers,117,421.33,112,41.8781,-87.6298
2025-01,S003,Chicago,Midwest,Bakery,74,345.42,108,41.8781,-87.6298
2025-01,S003,Chicago,Midwest,Seasonal,203,969.93,111,41.8781,-87.6298
2025-01,S004,Houston,South,Coffee,91,554.22,148,29.7604,-95.3698
2025-01,S004,Houston,South,Tea,81,292.04,192,29.7604,-95.3698
2025-01,S004,Houston,South,Frappuccino,96,450.53,176,29.7604,-95.3698
2025-01,S004,Houston,South,Refreshers,98,474.12,95,29.7604,-95.3698
2025-01,S004,Houston,South,Bakery,39,188.92,138,29.7604,-95.3698
2025-01,S004,Houston,South,Seasonal,146,595.57,130,29.7604,-95.3698
2025-01,S005,Phoenix,West,Coffee,137,877.57,194,33.4484,-112.074
2025-01,S005,Phoenix,West,Tea,75,386.72,161,33.4484,-112.074
2025-01,S005,Phoenix,West,Frappuccino,129,604.79,160,33.4484,-112.074
2025-01,S005,Phoenix,West,Refreshers,78,328.13,190,33.4484,-112.074
2025-01,S005,Phoenix,West,Bakery,49,218.09,120,33.4484,-112.074
2025-01,S005,Phoenix,West,Seasonal,161,972.8,93,33.4484,-112.074
2025-01,S006,Philadelphia,East,Coffee,96,556.12,178,39.9526,-75.1652
2025-01,S006,Philadelphia,East,Tea,65,302.8,129,39.9526,-75.1652
2025-01,S006,Philadelphia,East,Frappuccino,86,444.27,165,39.9526,-75.1652
2025-01,S006,Philadelphia,East,Refreshers,60,223.43,162,39.9526,-75.1652
2025-01,S006,Philadelphia,East,Bakery,37,225.47,177,39.9526,-75.1652
2025-01,S006,Philadelphia,East,Seasonal,105,682.32,175,39.9526,-75.1652
2025-01,S007,San Antonio,South,Coffee,150,467.11,172,29.4241,-98.4936
2025-01,S007,San Antonio,South,Tea,91,369.44,87,29.4241,-98.4936
2025-01,S007,San Antonio,South,Frappuccino,141,883.99,173,29.4241,-98.4936
2025-01,S007,San Antonio,South,Refreshers,103,316.55,103,29.4241,-98.4936
2025-01,S007,San Antonio,South,Bakery,62,327.76,142,29.4241,-98.4936
2025-01,S007,San Antonio,South,Seasonal,183,1065.41,183,29.4241,-98.4936
2025-01,S008,San Diego,West,Coffee,106,473.37,131,32.7157,-117.1611
2025-01,S008,San Diego,West,Tea,69,339.58,97,32.7157,-117.1611
2025-01,S008,San Diego,West,Frappuccino,83,407.18,150,32.7157,-117.1611
2025-01,S008,San Diego,West,Refreshers,81,251.39,156,32.7157,-117.1611
2025-01,S008,San Diego,West,Bakery,48,206.72,133,32.7157,-117.1611
2025-01,S008,San Diego,West,Seasonal,143,794.21,92,32.7157,-117.1611
2025-01,S009,Dallas,South,Coffee,124,792.63,125,32.7767,-96.797
2025-01,S009,Dallas,South,Tea,74,422.85,108,32.7767,-96.797
2025-01,S009,Dallas,South,Frappuccino,116,615.6,172,32.7767,-96.797
2025-01,S009,Dallas,South,Refreshers,92,488.43,167,32.7767,-96.797
2025-01,S009,Dallas,South,Bakery,50,195.97,144,32.7767,-96.797
2025-01,S009,Dallas,South,Seasonal,123,756.15,102,32.7767,-96.797
2025-01,S010,San Jose,West,Coffee,129,732.49,124,37.3382,-121.8863
2025-01,S010,San Jose,West,Tea,76,461.69,129,37.3382,-121.8863
2025-01,S010,San Jose,West,Frappuccino,125,517.09,165,37.3382,-121.8863
2025-01,S010,San Jose,West,Refreshers,91,537.06,100,37.3382,-121.8863
2025-01,S010,San Jose,West,Bakery,63,306.46,122,37.3382,-121.8863
2025-01,S010,San Jose,West,Seasonal,176,589.78,118,37.3382,-121.8863
2025-02,S001,New York,East,Coffee,196,768.42,160,40.7128,-74.006
2025-02,S001,New York,East,Tea,109,680.78,139,40.7128,-74.006
2025-02,S001,New York,East,Frappuccino,174,803.88,172,40.7128,-74.006
2025-02,S001,New York,East,Refreshers,140,655.17,183,40.7128,-74.006
2025-02,S001,New York,East,Bakery,91,450.2,97,40.7128,-74.006
2025-02,S001,New York,East,Seasonal,254,899.37,160,40.7128,-74.006
2025-02,S002,Los Angeles,West,Coffee,208,978.9,186,34.0522,-118.2437
2025-02,S002,Los Angeles,West,Tea,110,373.5,156,34.0522,-118.2437
2025-02,S002,Los Angeles,West,Frappuccino,172,759.35,182,34.0522,-118.2437
2025-02,S002,Los Angeles,West,Refreshers,134,522.7,105,34.0522,-118.2437
2025-02,S002,Los Angeles,West,Bakery,89,557.3,195,34.0522,-118.2437
2025-02,S002,Los Angeles,West,Seasonal,221,1150.21,192,34.0522,-118.2437
2025-02,S003,Chicago,Midwest,Coffee,178,559.02,127,41.8781,-87.6298
2025-02,S003,Chicago,Midwest,Tea,105,499.5,82,41.8781,-87.6298
2025-02,S003,Chicago,Midwest,Frappuccino,138,466.95,176,41.8781,-87.6298
2025-02,S003,Chicago,Midwest,Refreshers,103,634.32,140,41.8781,-87.6298
2025-02,S003,Chicago,Midwest,Bakery,79,448.94,124,41.8781,-87.6298
2025-02,S003,Chicago,Midwest,Seasonal,241,800.65,104,41.8781,-87.6298
2025-02,S004,Houston,South,Coffee,109,515.22,152,29.7604,-95.3698
2025-02,S004,Houston,South,Tea,55,204.02,143,29.7604,-95.3698
2025-02,S004,Houston,South,Frappuccino,111,354.37,164,29.7604,-95.3698
2025-02,S004,Houston,South,Refreshers,80,292.99,103,29.7604,-95.3698
2025-02,S004,Houston,South,Bakery,64,339.41,149,29.7604,-95.3698
2025-02,S004,Houston,South,Seasonal,134,411.13,184,29.7604,-95.3698
2025-02,S005,Phoenix,West,Coffee,129,603.55,169,33.4484,-112.074
2025-02,S005,Phoenix,West,Tea,84,513.98,189,33.4484,-112.074
2025-02,S005,Phoenix,West,Frappuccino,109,522.73,138,33.4484,-112.074
2025-02,S005,Phoenix,West,Refreshers,85,467.55,84,33.4484,-112.074
2025-02,S005,Phoenix,West,Bakery,50,153.11,194,33.4484,-112.074
2025-02,S005,Phoenix,West,Seasonal,148,570.38,88,33.4484,-112.074
2025-02,S006,Philadelphia,East,Coffee,95,517.44,88,39.9526,-75.1652
2025-02,S006,Philadelphia,East,Tea,71,230.15,187,39.9526,-75.1652
2025-02,S006,Philadelphia,East,Frappuccino,91,359.33,194,39.9526,-75.1652
2025-02,S006,Philadelphia,East,Refreshers,75,290.23,115,39.9526,-75.1652
2025-02,S006,Philadelphia,East,Bakery,48,204.05,119,39.9526,-75.1652
2025-02,S006,Philadelphia,East,Seasonal,136,832.36,108,39.9526,-75.1652
2025-02,S007,San Antonio,South,Coffee,152,621.57,195,29.4241,-98.4936
2025-02,S007,San Antonio,South,Tea,82,286.72,177,29.4241,-98.4936
2025-02,S007,San Antonio,South,Frappuccino,139,751.26,185,29.4241,-98.4936
2025-02,S007,San Antonio,South,Refreshers,108,444.06,111,29.4241,-98.4936
2025-02,S007,San Antonio,South,Bakery,52,174.1,142,29.4241,-98.4936
2025-02,S007,San Antonio,South,Seasonal,158,918.6,110,29.4241,-98.4936
2025-02,S008,San Diego,West,Coffee,98,309.03,91,32.7157,-117.1611
2025-02,S008,San Diego,West,Tea,78,269.72,119,32.7157,-117.1611
2025-02,S008,San Diego,West,Frappuccino,105,405.09,163,32.7157,-117.1611
2025-02,S008,San Diego,West,Refreshers,61,233.99,184,32.7157,-117.1611
2025-02,S008,San Diego,West,Bakery,52,281.76,102,32.7157,-117.1611
2025-02,S008,San Diego,West,Seasonal,165,745.65,136,32.7157,-117.1611
2025-02,S009,Dallas,South,Coffee,103,458.82,83,32.7767,-96.797
2025-02,S009,Dallas,South,Tea,71,417.17,132,32.7767,-96.797
2025-02,S009,Dallas,South,Frappuccino,101,460.18,98,32.7767,-96.797
2025-02,S009,Dallas,South,Refreshers,69,413.9,111,32.7767,-96.797
2025-02,S009,Dallas,South,Bakery,68,315.99,173,32.7767,-96.797
2025-02,S009,Dallas,South,Seasonal,138,490.88,140,32.7767,-96.797
2025-02,S010,San Jose,West,Coffee,155,1002.29,119,37.3382,-121.8863
2025-02,S010,San Jose,West,Tea,81,352.31,161,37.3382,-121.8863
2025-02,S010,San Jose,West,Frappuccino,115,390.25,171,37.3382,-121.8863
2025-02,S010,San Jose,West,Refreshers,86,491.54,175,37.3382,-121.8863
2025-02,S010,San Jose,West,Bakery,49,318.23,97,37.3382,-121.8863
2025-02,S010,San Jose,West,Seasonal,143,572.74,158,37.3382,-121.8863
2025-03,S001,New York,East,Coffee,177,542.92,118,40.7128,-74.006
2025-03,S001,New York,East,Tea,112,539.8,124,40.7128,-74.006
2025-03,S001,New York,East,Frappuccino,188,574.11,135,40.7128,-74.006
2025-03,S001,New York,East,Refreshers,147,952.31,193,40.7128,-74.006
2025-03,S001,New York,East,Bakery,90,506.87,197,40.7128,-74.006
2025-03,S001,New York,East,Seasonal,242,755.84,110,40.7128,-74.006
2025-03,S002,Los Angeles,West,Coffee,193,1061.14,119,34.0522,-118.2437
2025-03,S002,Los Angeles,West,Tea,99,455.39,121,34.0522,-118.2437
2025-03,S002,Los Angeles,West,Frappuccino,176,726.71,176,34.0522,-118.2437
2025-03,S002,Los Angeles,West,Refreshers,134,633.01,84,34.0522,-118.2437
2025-03,S002,Los Angeles,West,Bakery,95,305.65,119,34.0522,-118.2437
2025-03,S002,Los Angeles,West,Seasonal,235,1373.99,157,34.0522,-118.2437
2025-03,S003,Chicago,Midwest,Coffee,160,503.49,186,41.8781,-87.6298
2025-03,S003,Chicago,Midwest,Tea,114,649.72,133,41.8781,-87.6298
2025-03,S003,Chicago,Midwest,Frappuccino,167,783.31,120,41.8781,-87.6298
2025-03,S003,Chicago,Midwest,Refreshers,107,532.41,123,41.8781,-87.6298
2025-03,S003,Chicago,Midwest,Bakery,87,322.18,99,41.8781,-87.6298
2025-03,S003,Chicago,Midwest,Seasonal,195,842.98,99,41.8781,-87.6298
2025-03,S004,Houston,South,Coffee,122,557.23,187,29.7604,-95.3698
2025-03,S004,Houston,South,Tea,79,416.92,159,29.7604,-95.3698
2025-03,S004,Houston,South,Frappuccino,91,482.77,168,29.7604,-95.3698
2025-03,S004,Houston,South,Refreshers,69,247.11,178,29.7604,-95.3698
2025-03,S004,Houston,South,Bakery,36,130.54,94,29.7604,-95.3698
2025-03,S004,Houston,South,Seasonal,129,770.36,193,29.7604,-95.3698
2025-03,S005,Phoenix,West,Coffee,131,600.23,197,33.4484,-112.074
2025-03,S005,Phoenix,West,Tea,66,424.17,157,33.4484,-112.074
2025-03,S005,Phoenix,West,Frappuccino,106,487.71,133,33.4484,-112.074
2025-03,S005,Phoenix,West,Refreshers,80,350.36,86,33.4484,-112.074
2025-03,S005,Phoenix,West,Bakery,59,250.01,130,33.4484,-112.074
2025-03,S005,Phoenix,West,Seasonal,140,421.17,108,33.4484,-112.074
2025-03,S006,Philadelphia,East,Coffee,110,404.57,192,39.9526,-75.1652
2025-03,S006,Philadelphia,East,Tea,55,285.19,116,39.9526,-75.1652
2025-03,S006,Philadelphia,East,Frappuccino,76,255.07,151,39.9526,-75.1652
2025-03,S006,Philadelphia,East,Refreshers,76,333.73,196,39.9526,-75.1652
2025-03,S006,Philadelphia,East,Bakery,54,164.92,89,39.9526,-75.1652
2025-03,S006,Philadelphia,East,Seasonal,102,351.83,111,39.9526,-75.1652
2025-03,S007,San Antonio,South,Coffee,151,907.43,154,29.4241,-98.4936
2025-03,S007,San Antonio,South,Tea,108,462.46,173,29.4241,-98.4936
2025-03,S007,San Antonio,South,Frappuccino,127,471.41,126,29.4241,-98.4936
2025-03,S007,San Antonio,South,Refreshers,104,583.72,158,29.4241,-98.4936
2025-03,S007,San Antonio,South,Bakery,61,236.07,147,29.4241,-98.4936
2025-03,S007,San Antonio,South,Seasonal,175,681.03,148,29.4241,-98.4936
2025-03,S008,San Diego,West,Coffee,111,543.15,187,32.7157,-117.1611
2025-03,S008,San Diego,West,Tea,62,368.57,170,32.7157,-117.1611
2025-03,S008,San Diego,West,Frappuccino,106,654.52,159,32.7157,-117.1611
2025-03,S008,San Diego,West,Refreshers,63,360.36,110,32.7157,-117.1611
2025-03,S008,San Diego,West,Bakery,42,245.91,142,32.7157,-117.1611
2025-03,S008,San Diego,West,Seasonal,159,519.29,112,32.7157,-117.1611
2025-03,S009,Dallas,South,Coffee,132,790.25,129,32.7767,-96.797
2025-03,S009,Dallas,South,Tea,72,444.12,118,32.7767,-96.797
2025-03,S009,Dallas,South,Frappuccino,106,610.32,199,32.7767,-96.797
2025-03,S009,Dallas,South,Refreshers,72,360.81,147,32.7767,-96.797
2025-03,S009,Dallas,South,Bakery,62,224.26,188,32.7767,-96.797
2025-03,S009,Dallas,South,Seasonal,145,904.74,95,32.7767,-96.797
2025-03,S010,San Jose,West,Coffee,153,762.66,99,37.3382,-121.8863
2025-03,S010,San Jose,West,Tea,92,534.4,191,37.3382,-121.8863
2025-03,S010,San Jose,West,Frappuccino,129,771.82,193,37.3382,-121.8863
2025-03,S010,San Jose,West,Refreshers,76,445.41,129,37.3382,-121.8863
2025-03,S010,San Jose,West,Bakery,61,292.77,121,37.3382,-121.8863
2025-03,S010,San Jose,West,Seasonal,142,870.93,181,37.3382,-121.8863
2025-04,S001,New York,East,Coffee,236,1055.67,86,40.7128,-74.006
2025-04,S001,New York,East,Tea,123,702.15,151,40.7128,-74.006
2025-04,S001,New York,East,Frappuccino,160,936.24,123,40.7128,-74.006
2025-04,S001,New York,East,Refreshers,136,441.94,182,40.7128,-74.006
2025-04,S001,New York,East,Bakery,96,495.46,167,40.7128,-74.006
2025-04,S001,New York,East,Seasonal,273,1178.33,166,40.7128,-74.006
2025-04,S002,Los Angeles,West,Coffee,200,1189.86,113,34.0522,-118.2437
2025-04,S002,Los Angeles,West,Tea,121,744.66,173,34.0522,-118.2437
2025-04,S002,Los Angeles,West,Frappuccino,170,982.57,88,34.0522,-118.2437
2025-04,S002,Los Angeles,West,Refreshers,134,606.99,134,34.0522,-118.2437
2025-04,S002,Los Angeles,West,Bakery,88,289.9,179,34.0522,-118.2437
2025-04,S002,Los Angeles,West,Seasonal,216,1160.91,112,34.0522,-118.2437
2025-04,S003,Chicago,Midwest,Coffee,182,761.01,116,41.8781,-87.6298
2025-04,S003,Chicago,Midwest,Tea,98,573.64,106,41.8781,-87.6298
2025-04,S003,Chicago,Midwest,Frappuccino,163,795.47,163,41.8781,-87.6298
2025-04,S003,Chicago,Midwest,Refreshers,138,516.36,136,41.8781,-87.6298
2025-04,S003,Chicago,Midwest,Bakery,79,482.08,88,41.8781,-87.6298
2025-04,S003,Chicago,Midwest,Seasonal,187,1139.77,196,41.8781,-87.6298
2025-04,S004,Houston,South,Coffee,130,433.02,136,29.7604,-95.3698
2025-04,S004,Houston,South,Tea,57,318.15,124,29.7604,-95.3698
2025-04,S004,Houston,South,Frappuccino,94,512.57,185,29.7604,-95.3698
2025-04,S004,Houston,South,Refreshers,68,358.59,136,29.7604,-95.3698
2025-04,S004,Houston,South,Bakery,49,203.5,89,29.7604,-95.3698
2025-04,S004,Houston,South,Seasonal,106,598.86,192,29.7604,-95.3698
2025-04,S005,Phoenix,West,Coffee,128,601.02,188,33.4484,-112.074
2025-04,S005,Phoenix,West,Tea,69,328.37,184,33.4484,-112.074
2025-04,S005,Phoenix,West,Frappuccino,120,686.3,171,33.4484,-112.074
2025-04,S005,Phoenix,West,Refreshers,82,486.31,179,33.4484,-112.074
2025-04,S005,Phoenix,West,Bakery,61,250.89,126,33.4484,-112.074
2025-04,S005,Phoenix,West,Seasonal,137,540.89,152,33.4484,-112.074
2025-04,S006,Philadelphia,East,Coffee,102,618.12,145,39.9526,-75.1652
2025-04,S006,Philadelphia,East,Tea,65,276.32,120,39.9526,-75.1652
2025-04,S006,Philadelphia,East,Frappuccino,77,344.04,118,39.9526,-75.1652
2025-04,S006,Philadelphia,East,Refreshers,62,279.59,194,39.9526,-75.1652
2025-04,S006,Philadelphia,East,Bakery,41,259.5,175,39.9526,-75.1652
2025-04,S006,Philadelphia,East,Seasonal,124,631.97,102,39.9526,-75.1652
2025-04,S007,San Antonio,South,Coffee,164,547.54,100,29.4241,-98.4936
2025-04,S007,San Antonio,South,Tea,79,320.07,158,29.4241,-98.4936
2025-04,S007,San Antonio,South,Frappuccino,125,449.17,163,29.4241,-98.4936
2025-04,S007,San Antonio,South,Refreshers,92,286.55,174,29.4241,-98.4936
2025-04,S007,San Antonio,South,Bakery,79,304.59,80,29.4241,-98.4936
2025-04,S007,San Antonio,South,Seasonal,152,600.65,187,29.4241,-98.4936
2025-04,S008,San Diego,West,Coffee,99,463.28,80,32.7157,-117.1611
2025-04,S008,San Diego,West,Tea,65,209.37,132,32.7157,-117.1611
2025-04,S008,San Diego,West,Frappuccino,124,694.63,170,32.7157,-117.1611
2025-04,S008,San Diego,West,Refreshers,69,422.29,121,32.7157,-117.1611
2025-04,S008,San Diego,West,Bakery,59,278.53,104,32.7157,-117.1611
2025-04,S008,San Diego,West,Seasonal,152,744.26,81,32.7157,-117.1611
2025-04,S009,Dallas,South,Coffee,112,712.73,129,32.7767,-96.797
2025-04,S009,Dallas,South,Tea,74,455.9,138,32.7767,-96.797
2025-04,S009,Dallas,South,Frappuccino,119,366.95,181,32.7767,-96.797
2025-04,S009,Dallas,South,Refreshers,74,431.17,122,32.7767,-96.797
2025-04,S009,Dallas,South,Bakery,49,241.42,129,32.7767,-96.797
2025-04,S009,Dallas,South,Seasonal,140,767.83,137,32.7767,-96.797
2025-04,S010,San Jose,West,Coffee,120,655.68,87,37.3382,-121.8863
2025-04,S010,San Jose,West,Tea,87,271.79,170,37.3382,-121.8863
2025-04,S010,San Jose,West,Frappuccino,121,377.42,176,37.3382,-121.8863
2025-04,S010,San Jose,West,Refreshers,91,356.11,197,37.3382,-121.8863
2025-04,S010,San Jose,West,Bakery,58,341.3,172,37.3382,-121.8863
2025-04,S010,San Jose,West,Seasonal,179,928.03,125,37.3382,-121.8863
